2506 3980
407 737 739 824 nummulo,

104 1024 106 1029 '
185 975 335 1102 leieni
351 1005 444 1100 bees,
459 1045 552 1106 quam
565 1025 692 1106 nuncin
709 1025 810 1088 lucem
825 1023 945 1098 emitto,
965 1019 1028 1084 edi-

120 1131 164 1190 tio
194 1152 262 1192 eum
290 1132 436 1196 breuibus
463 1143 582 1196 tuntum
610 1132 857 1205 adnotationibus
885 1132 1031 1194 distinete

122 1252 181 1294 nee
195 1234 325 1314 prolixis
341 1238 565 1296 commentariis
583 1236 731 1296 edomata
747 1231 890 1314 prodeat,
913 1235 1030 1294 feoien-

124 1333 196 1400 dum
215 1334 354 1408 uidetur,
377 1345 427 1410 ut,
449 1337 525 1417 quid
543 1357 581 1398 ee
596 1356 695 1408 nouue
711 1335 793 1403 dotis
814 1335 923 1395 afferet
941 1334 1030 1415 quid-

123 1455 183 1515 que
211 1456 231 1494 u
257 1437 462 1514 superioribus
490 1440 588 1522 ositiei
613 1437 735 1518 generis
766 1436 901 1511 differet,
937 1437 1030 1516 peulo

123 1536 249 1602 uberius
269 1536 303 1595 in
324 1537 393 1616 ipso
414 1538 519 1608 limine
541 1538 641 1608 libelli
663 1555 848 1616 expromam.

189 1639 273 1718 Ergo
303 1637 457 1720 duplicem
486 1639 611 1700 editoris
638 1656 762 1718 operum
794 1638 867 1717 ipse.
893 1635 1033 1698 eondioio

124 1739 225 1800 libelli
245 1738 452 1817 efflagitabat,
474 1761 565 1822 quem
578 1759 642 1800 non
659 1746 777 1798 tentum
796 1738 964 1810 scribarum
986 1739 1035 1806 iu<

124 1841 215 1901 soitie
236 1841 464 1921 communisque
489 1851 658 1922 temporum
681 1839 804 1900 fortune
829 1838 951 1899 foedius
979 1837 1032 1900 (ie-

125 1941 283 2021 preueuit,
312 1939 479 2000 sedetiam
500 1941 681 2004 breuietoris
701 1940 860 2002 cuiusdam
881 1941 961 2003 mele
984 1961 1032 2006 ser

128 2039 202 2101 dule
223 2059 330 2100 menos
349 2040 511 2118 insigniter
534 2047 723 2103 attenuatum
749 2040 897 2101 exhibuit.
941 2040 1036 2100 Hono

125 2141 206 2203 enim
225 2142 389 2221 epitomem
412 2161 495 2216 esse,
520 2163 585 2204 non
603 2144 756 2222 integrum
776 2140 902 2216 librum,
923 2141 963 2202 ab
986 2161 1033 2215 eo,

123 2244 177 2322 qui
192 2243 336 2323 princeps
351 2242 433 2304 hune
447 2263 574 2306 aureum
588 2245 728 2306 libellum
748 2263 769 2302 e
783 2242 843 2304 situ
856 2241 1036 2317 uindicauil,

122 2345 271 2405 Ioanne
292 2343 399 2404 'Pilio
416 2355 613 2426 perspectum
628 2355 690 2407 est:
713 2351 929 2426 quem·temen
946 2343 979 2402 in
998 2363 1035 2403 eo

128 2445 242 2506 fefellit
260 2445 377 2526 opinio.
401 2445 484 2526 quod
499 2447 577 2508 hoec
599 2467 662 2507 non
677 2465 717 2506 ex
735 2465 796 2508 uno
810 2442 938 2522 leieni
955 2442 1034 2503 libro

127 2554 289 2622 exoerpte,
308 2544 368 2606 sed
390 2565 513 2606 corroso
532 2567 549 2606 e
572 2547 777 2625 compluribus
793 2542 930 2612 eiusdem
945 2543 1035 2623 lei-
1135 2547 1143 2630 '¹

127 2646 178 2706 oni
203 2644 326 2723 seriptis
351 2643 450 2704 frusta
474 2663 543 2704 esse
568 2646 784 2723 suspicereum
827 2642 993 2704 Enimuero
1019 2664 1037 2706 e

123 2745 299 2824 regularum
324 2743 402 2804 libro
427 2745 577 2822 singulari
603 2746 682 2814 bueo
709 2746 776 2806 siue
799 2752 948 2826 exempto
969 2744 1037 2806 siue
1090 2737 1091 2740 '

124 2848 298 2926 fragmento
321 2845 470 2924 originem
501 2844 629 2922 ducere,
659 2847 825 2908 Ieoobus
854 2845 1037 2908 Guioeius
1117 2856 1124 2869 ¹

57 2927 63 2954 ⁸
126 2946 232 3026 (Obss.
261 2947 358 3018 XVII
391 2955 434 3010 28.
467 2947 627 3026 xlxuu
656 2947 710 3028 ol.)
739 2965 776 3010 ee
800 2947 1035 3008 Petrus-Pi·

114 3050 263 3110 ¹thoeus
293 3047 391 3127 ¹(Mos.
424 3058 457 3109 et
486 3048 576 3124 Rom.
601 3051 667 3129 leg.
698 3050 769 3110 eoll.
802 3047 887 3128 112)
921 3048 1037 3126 eliique

126 3149 198 3210 olim
220 3158 273 3212 eut
301 3151 493 3212 affirmarunt
514 3150 630 3212 diseste
651 3161 704 3214 eut
723 3151 859 3220 breuiter
883 3146 1037 3225 significe-

126 3257 211 3308 runl:
244 3251 437 3334 eundemque
462 3252 646 3314 sententium
666 3257 771 3314 nostre
792 3257 895 3318 solete
921 3248 1037 3322 studio-

127 3351 191 3412 sius
214 3353 439 3415 oommendeuit
464 3354 521 3414 Fr.
548 3353 615 3413 Ao.
647 3352 909 3430 Sobilliugins
937 3351 1037 3430 (Dies.

128 3451 195 3515 orit.
220 3450 259 3512 de
280 3453 482 3534 le.f1egm.
507 3453 632 3516 Vretisl»
655 3452 749 3532 1824)·
792 3453 905 3534 Neque
926 3453 1038 3532 perito·
