2506 3980
162 248 168 276 l
223 278 260 326 Vi
584 281 777 324 Pnsnss‘rlo.

221 456 289 495 rum
319 433 411 494 bodie
436 435 596 514 quisquam
620 433 678 492 erit
710 433 831 511 opinens,
860 431 913 510 qui
940 431 1020 490 baso
1049 429 1135 508 frag-

223 543 325 594 menta
346 534 462 613 potins,
485 554 565 616 quae
587 533 688 594 adbuc
708 533 761 594 usi
782 553 801 591 a
821 530 1002 592 doctissimis
1023 530 1133 611 appel·
1209 541 1213 548 '

174 659 176 664 ’
222 637 338 710 lantur,
376 656 467 716 quam
496 645 644 716 exoerpta
676 653 744 694 esse
777 633 856 693 serio
886 632 1014 710 putarit,
1054 631 1133 692 lieet

220 737 382 815 epitomum
413 739 526 816 ipsam,
557 735 641 818 quod
669 735 834 796 multorum
859 732 994 811 opinioni
1024 731 1133 808 obfuit,

219 838 332 898 iniuria
348 839 495 919 temporis
517 846 548 897 et
569 838 670 918 capite
692 843 724 895 et
744 833 806 894 tine
823 835 983 894 truncarit.

253 1016 256 1024 Ι
282 939 333 1000 De
354 941 488 1019 epitoma
506 947 608 998 autem
631 937 730 1017 deque
751 936 869 1014 origine
890 936 1041 1014 epitomae
1058 956 1131 998 oum

220 1040 252 1098 in
268 1039 408 1101 confesso
425 1055 475 1100 res
498 1047 598 1114 esset,
616 1040 676 1100 hoo
692 1036 844 1110 restabat,
866 1043 916 1112 ut,
940 1035 1042 1118 quoad
1061 1039 1129 1098 eius

203 1141 343 1216 'lieeret,
366 1139 540 1220 integrioris
561 1140 648 1217 libri,
668 1131 922 1220 quemadmodum
944 1157 984 1198 ax
1000 1138 1129 1218 leiani

218 1259 310 1302 manu
321 1241 487 1322 prodierit,
508 1243 629 1322 speeies
644 1239 796 1322 quaedam
811 1239 1055 1316 adumbraretur,
1078 1257 1129 1300 ra·

218 1327 380 1422 tionesque
402 1343 639 1422 indagarentur,
660 1345 687 1404 si
706 1361 784 1422 quas
800 1343 955 1403 breuiator
970 1343 1002 1400 in
1020 1359 1129 1402 sxoer-

218 1443 321 1522 pendo
344 1447 540 1530 sseutussit.
569 1429 680 1526 ‘Atque
701 1445 761 1505 hoo
781 1443 904 1524 quidem
925 1442 1128 1504 Theodori

217 1543 440 1606 Mommseni
454 1547 606 1609 benefitio
619 1545 707 1626 (le.
720 1545 769 1607 ed.
780 1545 879 1606 Book.
891 1553 919 1607 4.
932 1564 962 1623 p.
979 1554 1030 1608 1⁰9
1044 1541 1127 1624 sqq.)

216 1646 261 1705 ita
281 1667 363 1706 nuno
386 1647 579 1726 exploratum
608 1657 670 1723 est,
697 1657 731 1707 ut
754 1647 923 1724 leianum
952 1654 1128 1725 compareat

217 1763 304 1805 suum
323 1747 500 1826 regularum
520 1748 634 1809 librum
654 1748 721 1808 fsto
742 1746 784 1807 ad
799 1747 987 1808 Gaianarum
1005 1731 1126 1806 institu-

215 1848 333 1907 tionum
352 1847 491 1910 ordinem
512 1867 550 1910 ao
580 1849 762 1910 diuisionem
789 1847 973 1920 instituisse,
1004 1847 1125 1908 breuia-

216 1956 312 2008 toram
331 1953 433 2010 autern
449 1952 515 2011 eius
531 1959 584 2011 aut
604 1937 770 2012 mutauisse
791 1957 859 2022 aut,
882 1949 909 2008 si
930 1967 949 2008 a
969 1949 1125 2012 nonnullis
1184 1967 1187 1972 ·
1228 1953 1229 1973 ¹

215 2049 372 2110 titulorum
392 2051 643 2132 inscriptionibus
665 2052 847 2123 recesseris,
871 2047 1028 2113 addidisse
1048 2068 1124 2132 pau-

216 2151 354 2224 aissima,
375 2160 481 2210 eontra
498 2151 650 2232 quidquid
668 2172 687 2211 a
706 2153 754 2215 sui
771 2151 917 2231 temporis
935 2161 994 2211 usu
1011 2151 1125 2213 forensi

216 2237 350 2311 alienum
371 2249 538 2326 iudiearat,
557 2253 707 2314 omisisse·
719 2260 905 2337 compertum
927 2253 976 2312 sit.

278 2349 370 2428 Quae
398 2368 467 2411 oum
493 2353 537 2414 ita
564 2363 683 2428 essent,
703 2351 780 2414 'non
807 2354 906 2432 potuit
934 2350 1028 2414 dubia
1055 2373 1125 2414 esse

214 2451 308 2524 ratio,
327 2469 389 2531 qua
403 2451 496 2514 hodie
509 2455 638 2535 leiani
656 2454 750 2516 editio
769 2453 948 2524 adornanda
967 2458 1016 2517 sit.
1050 2453 1125 2514 Ete-

214 2554 276 2614 nim
298 2570 365 2614 eum
386 2555 447 2615 iam
466 2575 529 2616 non
554 2556 665 2636 passis
680 2529 833 2634 integrum
858 2552 986 2635 Vipiani
1014 2555 1126 2616 libr-um

214 2667 416 2734 recuperare,
448 2656 504 2717 ssd
528 2658 595 2719 iere
616 2657 732 2719 debeas
757 2658 792 2717 in
812 2652 1026 2718 resuscitanda
1047 2664 1079 2716 et
1106 2675 1125 2714 a

214 2755 408 2815 librariorum
441 2756 563 2817 delictis
596 2758 799 2839 expurganda
824 2758 1006 2819 breuiatoris
1031 2774 1125 2816 mann

213 2843 395 2931 subsistere,
418 2858 451 2916 n
471 2865 560 2944 sextu
580 2859 659 2918 nrm
680 2861 770 2938 attigi
791 2869 845 2920 aut
858 2859 995 2920 indicaui
1010 2874 1124 2932 eorum,
1161 2929 1166 2938 ,

214 2977 295 3039 quse
317 2979 373 3019 suo
389 2957 518 3020 oonsilio
540 2958 696 3021 breuiator
713 2961 804 3021 aliter
819 2959 918 3034 dedit,
941 2961 1036 3042 atquo
1054 2957 1125 3020 olim

214 3061 247 3118 in
262 3061 358 3140 ipsius
372 3057 500 3137 leiani
520 3059 597 3120 libro
611 3059 708 3121 inisse
720 3062 883 3141 probabile
905 3071 962 3122 est.
1008 3061 1124 3121 Verum

213 3169 317 3220 tamen
342 3181 382 3220 ne
410 3161 496 3220 inani
522 3161 707 3239 integritatis
734 3163 839 3241 speeie
862 3162 996 3221 lectores
1018 3160 1124 3221 elude·

212 3269 334 3335 rentur,
353 3262 385 3321 in
401 3269 520 3320 secreta
540 3279 560 3320 a
574 3261 688 3322 oritiois
702 3263 782 3322 notis
797 3261 1011 3334 adnotatione,
1036 3261 1123 3344 quid·

212 3359 287 3441 quid
309 3361 352 3422 ad
370 3361 595 3422 infamandam
621 3363 909 3442 animopristinam
937 3363 1040 3442 operis
1061 3362 1123 3421 ior·

210 3479 290 3522 mam
313 3463 457 3526 aonios-re
475 3459 646 3537 uideretur,
670 3463 806 3524 exhibui.
848 3464 961 3545 Itaque
981 3465 1121 3545 primum,
