2534 3988
349 229 495 308 anunm
512 255 602 305 mss.
618 257 697 304 nnn.
713 255 844 310 113-6
1009 243 1048 305 91

139 415 222 474 enim
249 421 351 492 potest
376 412 555 472 seruitutem
579 411 742 492 adquirere
775 405 828 473 uel
856 414 967 478 urbani
997 415 1050 477 uel
1136 415 1139 421 ’

137 499 248 557 nuatici
268 497 403 576 praedii,
415 499 485 558 'nisi
507 499 561 578 qui
580 497 675 556 habet
696 497 863 575 praedium.

497 637 503 644 ’
576 647 616 700 IV

226 734 277 796 Ab
289 737 432 798 intestato
442 754 563 815 quoque
574 735 729 795 hereditas
737 735 874 796 defertur
881 744 993 817 autper
1002 738 1050 799 ius

112 820 235 882 seiuile
254 829 307 880 aut
324 840 379 900 per
399 820 550 899 praetoris
573 820 770 886 beneficium:
798 840 853 899 per
881 822 927 880 ius
958 824 1052 884 ciuile

139 905 385 986 suislheredibus
407 905 460 965 uel
481 903 595 978 liberis,
618 906 671 984 qui
693 905 725 964 in
746 913 898 985 potestate
916 907 1055 983 fuerunt‚=

138 990 219 1064 filio,
246 991 328 1050 filiae
357 998 389 1049 et
413 987 560 1068 deinceps
583 990 636 1068 qui
658 990 691 1049 in
710 990 816 1062 losum¹
834 991 972 1052 defuncti
994 1012 1049 1071 pa-

136 1075 249 1150 rentis,
270 1077 323 1155 qui
347 1093 386 1134 ex
415 1072 523 1134 eodem
541 1075 608 1134 nati
628 1083 724 1148 sunt,-
737 1074 915 1170 succedunt.

580 1227 605 1277 V

92 1309 129 1362 10
226 1309 241 1367 1
268 1311 342 1368 Post
363 1331 433 1370 suos
460 1311 498 1378 ab
527 1314 671 1374 intestato
698 1314 828 1390 legitimi
850 1313 1050 1374 admittuntur¹

137 1395 268 1472 primum
290 1395 519 1471 consanguinei.
563 1397 597 1454 hi
618 1405 689 1457 sunt
709 1397 804 1455 frater
826 1407 857 1456 et
878 1418 970 1471 soron,
995 1401 1049 1477 qui

137 1477 171 1538 in
200 1475 336 1536 eiusdem
357 1486 539 1556 potestatem
558 1481 654 1556 patris
682 1479 819 1554 fuerunt,
845 1482 903 1539 etsi
936 1500 975 1541 ex
1004 1481 1049 1551 di·

137 1562 235 1622 uersis
256 1561 402 1622 matribus
428 1563 494 1622 nati
521 1571 600 1624 sunt.
694 1560 713 1620 2
741 1561 990 1642 Oonsanguineos
1020 1575 1050 1626 et

138 1645 263 1728 adoptio
288 1646 365 1706 facit
390 1655 421 1706 et
445 1646 602 1726 adrogatio
625 1657 656 1708 et
679 1667 789 1708 causae
809 1649 948 1728 probatio
968 1658 999 1710 et
1018 1652 1052 1712 in
1075 1694 1079 1702 ·

93 1729 128 1782 15
138 1750 261 1810 manum
283 1733 453 1792 conuentio.
542 1767 547 1778 ·

572 1815 613 1866 VI

226 1898 241 1956 1
265 1899 308 1957 Et
330 1895 548 1978 consanguinei
561 1898 702 1979 legitimi
723 1909 881 1961 uocantur.
925 1901 958 1960 hi
978 1911 1049 1961 sunt

189 2045 221 2086 IV
244 2045 299 2087 Coll.
314 2046 361 2100 lag.
375 2046 436 2096 llius.¹
447 2054 468 2089 et
481 2047 545 2089 Rom.
560 2047 603 2089 Tit.
617 2045 670 2088 xv1
682 2047 738 2100 Kap.
752 2046 773 2087 V
788 2045 871 2087 ‘idem'
886 2046 919 2096 (h.
936 2060 956 2088 s.
970 2046 1050 2108 leia·

137 2110 178 2138 nus
193 2097 220 2138 de
235 2109 277 2150 quo
291 2097 348 2150 Καρ,
364 2097 401 2139 1v.
422 2099 489 2140 item
501 2099 586 2150 Beroi.)
602 2099 635 2140 ‘ab
650 2098 754 2139 intestato
768 2097 939 2138 institutionum.
953 2099 992 2140 Ab
1007 2111 1051 2140 ln·

136 2151 256 2190 tetteto’
271 2161 290 2188 e.
317 2160 352 2191 .s.
369 2149 432 2200 (lib.
447 2150 471 2190 ll
486 2149 706 2191 Institutionum
719 2151 769 2190 sub
785 2147 871 2190 titulo
886 2149 917 2189 de
932 2161 1050 2191 sucees-

138 2199 305 2241 sionibusa
343 2201 484 2243 intestato
502 2201 626 2251 Pithoeus.)
653 2200 677 2240 ld
692 2212 736 2242 non
751 2200 854 2248 dubium,
884 2211 898 2240 u

136 2251 243 2303 deinceps
257 2256 378 2303 sequuntur
391 2252 418 2293 de
433 2253 480 2294 iure
498 2253 633 2294 hereditario
647 2252 756 2305 reliquiae
771 2212 899 2303 (tv-Vlll)
913 2252 941 2293 od
954 2252 1048 2294 alterum

135 2301 305 2360 institutionum
319 2303 401 2346 librum
414 2304 547 2364 pertineant.
562 2303 651 2356 Quibus'
660 2303 767 2344 accedunt
781 2303 808 2344 de
821 2302 873 2344 fidei
888 2303 1011 2345 commissis
1026 2309 1048 2346 et

136 2351 163 2392 da
177 2355 254 2392 morus
269 2365 333 2394 causa
346 2355 504 2398 donationibus
519 2355 614 2398 frustula
627 2355 670 2396 duo
686 2355 734 2405 (lx.
750 2354 789 2406 X).

159 2452 164 2461 Ι
188 2403 209 2442 V
231 2401 288 2445 lbid.
308 2405 364 2459 Kap.
384 2405 415 2447 Vl
438 2407 509 2448 ‘idem
532 2408 609 2448 eodem
632 2407 742 2448 libro...·
771 2405 852 2455 (item
870 2403 944 2444 Berol.
972 2405 1049 2447 libor

137 2451 219 2604 ἓξὲξ
240 2503 296 2544 lhid.
313 2504 371 2558 Kap.
386 2503 427 2546 Vll
448 2506 519 2546 ‘idem
539 2505 616 2546 eodem
633 2505 744 2569 libro..)
772 2503 851 2552 (item
869 2502 942 2543 Berol.
971 2503 1047 2544 liber

189 2673 203 2723 l
223 2671 376 2739 praedium]
396 2689 446 2724 nee
464 2674 609 2739 quisquam
625 2675 784 2729 seruitutem
805 2673 917 2739 debere,
936 2673 1049 2742 nisiqui

135 2741 220 2794 habet
243 2742 384 2808 praedium
409 2744 470 2798 add.
495 2747 562 2810 culp.
652 2747 670 2795 4
692 2743 727 2794 ad
750 2744 827 2796 Vind.
926 2744 1048 2798 differtur

140 2813 216 2864 Wnd.
276 2812 293 2864 6
310 2813 413 2864 fuerint
435 2814 513 2864 Vind.
554 2816 587 2863 .7
604 2813 659 2864 filio
675 2813 798 2879 Scaliper.
817 2812 867 2864 lilii
887 2816 964 2865 Vind.
984 2815 1050 2877 (Be-

135 2881 197 2948 rol.)
267 2881 363 2948 8qui]
383 2897 445 2933 cnm
463 2883 525 2933 aliis
543 2883 768 2948 quiSctuutnpsus
840 2883 872 2935 10
886 2889 948 2936 tuos
970 2886 1047 2936 Vind.

135 2967 204 3002 corr.
224 2952 293 3004 duos
371 2952 492 3019 legitimp
510 2952 599 3004 Berol.
618 2953 738 3020 legitime
759 2954 835 3004 Vind.
878 2979 881 2988 =
916 2953 947 3004 11
968 2955 1049 3018 primi

140 3022 216 3074 Vino.
287 3022 317 3074 lii
329 3036 410 3088 prop.
425 3021 578 3088 Bdokinpius
588 3025 652 3076 conl.
668 3023 708 3087 fr.
727 3022 776 3073 VI.
795 3038 842 3072 om.
856 3023 945 3074 Berol
969 3024 1047 3073 Vind.

135 3091 155 3140 ii
172 3089 292 3142 Pithoeus
362 3093 461 3144 fratres
477 3093 566 3142 Berol.
638 3094 670 3144 12
682 3096 847 3158 potestatem
860 3091 949 3146 Berol.
967 3093 1046 3142 Vinci.

134 3163 271 3224 potestate
287 3161 408 3218 Pithoeus
489 3166 582 3226 patres
598 3162 688 3213 Berol.
709 3163 796 3227 patris
814 3164 952 3226 potestate
968 3175 1047 3224 prop.-

135 3228 289 3293 Bdcltinaius
355 3231 458 3294 fuerint
475 3232 575 3283 Viam·
605 3232 637 3284 15
652 3247 736 3282 manu
747 3233 836 3283 Berol.
891 3232 923 3281 17
937 3235 966 3280 et
983 3245 1047 3282 eon-

113 3297 279 3363 'sanguinei
304 3299 380 3351 Viud.
405 3300 657 3367 &consanguineis
680 3303 769 3355 Berol.
795 3317 813 3350 a
835 3299 1046 3366 consanguineis

136 3365 294 3488 (12.αὲὶῖοεῦ
313 3371 543 3437 consanguineos)
571 3370 697 3422 Pithoeus.
724 3385 758 3421 ex
778 3371 986 3436 consanguineis
1006 3371 1047 3422 ed.

61 3483 64 3488 ,
208 3452 222 3486 e
248 3471 257 3487 .
301 3477 303 3481 v
537 3459 541 3472 ·

900 2200 923 2240 in
936 2201 979 2242 hae
993 2211 1049 2253 quae
1132 2221 1137 2238 t
