2534 3988
190 211 235 274 tt
407 285 412 292 ,
438 219 583 276 terrare
597 219 704 270 mm
718 215 842 274 m—at

275 375 316 452 28
340 376 523 442 ciuitatibus
543 377 690 451 omnibus,
713 397 794 457 qnae
816 376 871 438 snb
894 377 1020 454 imperio
1038 395 1096 454 po·

191 464 257 544 puli
267 464 401 524 Romani
411 469 496 535 sunt,
513 462 612 540 legari
628 471 743 541 potest:
760 461 853 542 idque
870 482 889 522 a
908 459 979 522 diuo
989 461 1096 525 Nerua

192 547 410 620 introductum,
437 554 592 626 postona
611 556 722 610 senatu
743 555 866 608 anctore
889 544 1027 606 Adriano
1049 545 1094 605 di-

191 632 336 712 ligentias
359 632 554 694 constitutum
572 639 628 692 est.
672 664 675 675 ·
760 663 764 692 J

277 715 318 777 29
339 717 499 796 Legatum,
518 715 600 796 qnod
618 717 723 777 datum
744 723 800 789 est,
823 712 916 776 adimi
926 721 1028 796 potest
1042 714 1123 780 nole

194 801 302 862 eodem
324 811 505 862 testamento
544 802 596 862 uel
625 800 785 864 codicellis
813 807 995 866 testamento
1025 819 1097 865 cone

190 887 332 962 firmatis,
367 885 437 949 dum
458 895 561 946 tamen
587 886 696 951 eodem
723 884 812 948 modo
839 878 1004 958 adimatur,
1035 903 1098 966 quo

192 971 281 1034 modo
304 971 409 1032 datum
430 980 495 1032 est„
590 1031 593 1038 ,
788 1018 789 1026 ,
849 1021 854 1028 ,
1034 1027 1036 1034 ,

278 1055 318 1117 30
354 1055 418 1114 Ad·
436 1049 581 1115 heredem
609 1041 752 1132 legatarii
783 1053 900 1132 legata,
917 1073 978 1114 non
1006 1053 1096 1120 alitor

193 1148 366 1215 transcunt,
387 1141 448 1200 nisi
470 1139 496 1199 si
518 1141 579 1202 iam
601 1138 651 1200 dic
672 1139 842 1216 legatorum
864 1137 994 1206 cedente
1010 1139 1143 1215 lega-1⁰

193 1225 289 1285 tarius
309 1225 486 1285 decesserit.
574 1221 823 1301 31Legatorum,
846 1240 926 1301 quae
948 1242 1024 1302 puro
1045 1223 1102 1288 uel

193 1309 332 1384 indiam
355 1317 473 1392 certum
502 1308 611 1368 relicta
632 1316 723 1382 snm,
761 1307 827 1368 dies
861 1306 944 1368 cedit
971 1309 1096 1387 antiqno.
1164 1333 1169 1340 ·

193 1393 318 1474 quidem
338 1395 402 1456 inre
425 1413 469 1454 erc
486 1393 590 1456 mortis
610 1394 765 1458 testatoris
792 1401 942 1478 tempore,
971 1412 1026 1471 per
1053 1391 1098 1452 le·

192 1500 264 1560 gem
286 1487 395 1544 autern
410 1479 540 1558 Papiam
564 1478 741 1557 Poppaeam
771 1497 811 1538 ex
844 1479 965 1556 apertis¹
986 1477 1097 1538 tabulis

193 1567 384 1626 testamenti:
404 1583 610 1635 eornmncro,
632 1581 715 1642 qnae
726 1563 782 1622 snb
801 1561 974 1630 conditione
988 1563 1098 1625 relicta
1108 1561 1142 1614 lo

118 1705 123 1712 .
193 1657 279 1721 sunt,
310 1671 377 1710 cnm
400 1648 531 1711 conditio
559 1649 702 1708 extiterit
789 1697 793 1706 i

279 1731 320 1794 32
347 1735 416 1794 Lex
442 1731 585 1794 Falcidia
610 1731 693 1792 iubet
720 1751 782 1792 non
816 1731 886 1811 plns
918 1751 1009 1812 qnam
1044 1729 1097 1790 do-

196 1817 335 1878 drantem
368 1818 459 1877 totius
492 1817 666 1896 patrimonii
694 1816 806 1895 legari,
839 1825 873 1876 ut
898 1818 980 1878 omni
1009 1815 1098 1879 modo

193 1903 348 1986 quadrans
367 1903 486 1980 integer
507 1900 590 1980 apud
609 1900 755 1961 heredem
772 1910 939 1962 remaneat.

249 2120 270 2171 t)
282 2117 458 2178 delademptione
473 2121 494 2177 et
507 2117 656 2177 adquisitione
670 2117 793 2170 legatorum
807 2087 837 2168 ss
847 2116 930 2159 29-31
944 2129 956 2159 a
975 2116 1003 2157 it:
1018 2115 1098 2169 quibua

198 2169 257 2212 nihil
267 2174 301 2214 eet
311 2181 335 2210 in
345 2168 385 2210 Gar
396 2169 641 2220 insutntronrbustqnod
649 2169 789 2221 respondeat.
841 2167 955 2212 Postremo
998 2167 1024 2210 de
1034 2167 1098 2207 modo

195 2171 1100 2360 taccamsterent-ceap,cientesaaronitae·

704 2299 710 2319 ‚
1091 2289 1099 2299 .

196 2320 317 2378 putauonia
341 2319 429 2363 ordine:
450 2318 555 2360 11224·-
641 2319 740 2360 Ceterum
765 2320 832 2362 Gaius
860 2321 924 2362 etiem
950 2321 994 2360 anti
1013 2321 1100 2360 uiornm

196 2369 313 2465 pnae'huc
332 2369 469 2430 pertinerent
488 2369 563 2424 legum
580 2371 714 2430 mentionem
732 2371 797 2422 fecit,
818 2371 841 2412 n.
863 2383 882 2412 a.
903 2368 961 2430 legis
975 2333 1016 2410 xli
1029 2369 1098 2420 mon,
1161 2398 1169 2412 ,
1262 2369 1265 2378 '

214 2435 286 2474 arrae,
306 2419 431 2470 Voconiae,
455 2425 565 2475 postremo
584 2420 706 2470 Falcidiae,
725 2423 812 2464 addito:
832 2426 868 2463 ‘et
882 2422 931 2462 hoc
945 2433 1007 2462 rnre
1025 2429 1099 2460 nnnc

194 2475 313 2518 utimar:
335 2471 406 2524 Quare
419 2469 567 2514 Mommsenns
580 2471 671 2532 leiani
684 2473 831 2518 tractatorem
845 2476 906 2528 putet
920 2473 1057 2525 antiquiores
1070 2467 1097 2512 il·

196 2527 230 2568 lar
254 2525 281 2566 de
302 2535 385 2566 summa
404 2525 426 2565 in
445 2524 527 2578 legatis
545 2535 653 2584 perrrussa
671 2523 745 2614 laps,
774 2525 856 2586 qnippe
875 2535 928 2577 quas
943 2523 1035 2566 abolitas
1051 2533 1099 2582 asse

193 2576 292 2624 uideret,
310 2581 351 2617 sno
369 2575 468 2630 periculo
487 2585 620 2616 resecursse:
640 2575 677 2616 lex
715 2576 762 2616 uria
795 2577 868 2618 uidem
881 2574 1044 2626 testamentaria
1063 2573 1099 2614 bis

193 2627 248 2670 alibi
267 2627 290 2666 in
309 2627 345 2667 hir
365 2639 429 2668 exeer
446 2627 475 2671 tis
492 2621 693 2667 commemoratnrl
711 2625 732 2668 2.
748 2625 769 2666 X
813 2625 842 2668 lll
856 2627 879 2667 t<
893 2626 955 2668 onina
973 2627 1098 2668 inconsten·

193 2680 244 2721 deo.
257 2681 308 2718 nota
324 2689 370 2720 non
389 2678 414 2718 in
431 2639 564 2732 i'lpiannrn,
584 2677 624 2718 sed
646 2678 671 2718 in
689 2678 736 2718 eiua
755 2679 902 2721 breuiatorem
916 2677 982 2721 cedit.
1083 2675 1089 2684 ‘

268 2880 281 2932 1
311 2879 406 2948 populi
432 2881 550 2932 Romani
576 2883 691 2936 cuinam
717 2884 741 2930 in
769 2885 833 2932 notis
863 2882 937 2942 (cont.
956 2883 972 2932 t.
1001 2883 1036 2932 2⁶
1066 2881 1099 2930 Ι).

197 2950 324 3002 XXXVI
337 2951 374 3018 1).
391 2951 664 3016 naamosdaoiauaeb.
681 2947 802 3018 pitoriani
816 2953 875 3006 Vnt.
893 2951 949 3004 cod.
964 2947 1022 3000 Titii
1039 2957 1102 3000 teate

196 3023 298 3074 omacio
323 3019 383 3072 Oba.
406 3020 495 3073 XVII
512 3025 556 3073 28.
580 3023 621 3074 ed.
644 3024 727 3084 prim.
753 3021 794 3084 Of.
813 3021 869 3072 XX
888 3022 922 3069 It
1009 3019 1100 3071 3Ha-

195 3091 293 3142 driano
311 3089 472 3156 Bcnkiuptue.
492 3091 586 3144 Meroe
605 3094 683 3157 (coal-
703 3093 721 3141 I.
736 3093 771 3141 20
789 3090 822 3140 1).
842 3085 969 3138 XXXIV
979 3091 1007 3151 5)
1027 3089 1101 3140 Orcia-

196 3163 251 3212 eiroe
266 3165 293 3212 ia
310 3169 361 3213 aot.
446 3159 463 3212 θ
481 3161 621 3212 codicellis
643 3161 703 3211 Vat.
726 3158 860 3212 codicillis
881 3158 939 3210 edd.
957 3158 998 3223 Gf.
1015 3158 1048 3208 II
1065 3161 1099 3210 12

268 3231 299 3282 ll
314 3228 461 3296 legatarii
485 3231 545 3280 Vat.
636 3232 668 3281 14
690 3230 801 3294 papiam
822 3243 939 3294 popeam
953 3230 993 3280 ed.
1014 3231 1098 3293 princ.

197 3297 309 3364 pospsti.
330 3315 446 3366 papeam
465 3300 527 3354 Vat.
604 3300 638 3352 15
654 3297 813 3350 condicione
838 3299 901 3349 Vat.
979 3298 1012 3350 16
1030 3297 1099 3350 exti-

196 3369 272 3418 terit.
296 3369 354 3420 Lex
376 3368 575 3424 addemnat.
596 3367 699 3420 Gaiadi.
719 3370 856 3420 exteterit.
877 3367 922 3420 lex
944 3370 1004 3422 Vnt.
1031 3367 1099 3426 exti-

196 3439 280 3500 terit,
298 3438 342 3490 lex
359 3439 402 3492 ed.
418 3441 501 3503 prino.
567 3439 605 3490 ’18
622 3435 722 3502 legatia
743 3437 805 3488 Vct.

578 3607 585 3638 Ι
