2506 3980
397 332 400 341 Ι
509 273 707 318 remunero.
1016 265 1064 312 rx

157 427 336 508 prodibant,
373 426 544 505 complures
571 425 699 504 leieni
731 424 814 484 looos
841 423 1065 487 emendatiores

159 549 200 590 ex
218 529 385 608 archetypo
406 528 534 608 protulit
556 527 610 608 (ef.
632 527 723 589 Obss.
744 525 842 588 XVII
863 534 908 590 18.
933 525 1000 586 XX
1021 509 1066 596 54,

158 626 232 707 111.)1
263 629 460 709 eiusdemque
489 629 602 690 codicis
630 629 797 707 scripturos
821 628 854 686 in
877 625 1065 688 additamen-

62 712 64 722 '
157 731 198 789 tis
221 738 374 806 notorum,
390 739 477 812 'ques
497 749 589 811 supro
602 729 745 803 leuduni,
770 727 942 807 adseripsit.
974 727 1066 790 Vnde

159 831 274 892 Tilium
294 835 462 913 comparuit
484 852 547 893 non
561 851 600 892 ee
618 832 770 912 religione
784 831 818 890 in
840 829 961 890 edendo
978 849 1066 890 usum

159 951 242 1010 esse,
264 952 326 1014 quo
343 933 474 995 deoebet
496 953 580 1007 eum,
594 935 653 1014 qui
674 934 765 994 unius
787 930 903 1000 oodieis
922 930 1065 1010 exemplo

156 1033 327 1096 insisteret:
363 1034 396 1094 id
424 1033 507 1117 quod
537 1035 633 1096 multo
661 1036 776 1095 eortius
804 1040 991 1112 compertum
1019 1039 1066 1092 est
1155 1049 1159 1054 ’

156 1135 255 1197 eltere
286 1135 421 1198 editione
451 1135 570 1196 Ouioeii
601 1137 700 1197 Paris.
735 1149 764 1196 o:
794 1143 875 1208 1585,
903 1153 965 1214 que
989 1132 1065 1194 Tilii

156 1236 316 1316 exemplar
335 1239 472 1317 pressius
491 1248 616 1299 seeutus
640 1246 701 1312 est,
723 1239 768 1298 ite
787 1245 822 1296 ut
844 1234 1064 1296 emendationi·
1099 1267 1103 1284 ι

153 1337 212 1398 bus
239 1339 273 1396 in
299 1357 384 1398 oram
405 1338 477 1398 libri
493 1339 618 1400 reieotis
644 1338 825 1399 lacunarum
851 1337 1067 1417 supplemento

97 1513 106 1527 ἣ
153 1437 325 1498 litterarum
348 1437 526 1498 diuersitate
548 1421 747 1517 signifieeret.
790 1436 857 1497 ,Sed
883 1459 961 1518 eum¹
975 1438 1065 1500 huius

66 1577 71 1586 .
157 1535 300 1598 editionis
318 1538 537 1618 proprietatem
558 1539 733 1618 superiores
747 1557 856 1615 perum
874 1538 1063 1619 perspicien-

154 1647 202 1699 tes
231 1672 252 1684 -
279 1659 343 1700 rem
374 1641 492 1700 monuit
513 1638 637 1721 quidem
660 1638 887 1718 Sohultingius,
917 1639 973 1718 sed
1000 1659 1065 1700 eer-

152 1741 387 1802 sedationibus
415 1742 530 1821 primus
557 1742 651 1803 euicit
678 1739 823 1836 Seuinius
850 1740 950 1821 (HeIl.
979 1741 1064 1820 Ailg.

153 1841 217 1900 Lit.
249 1842 327 1902 Zeit.
362 1851 430 1905 1812
465 1863 497 1904 n.
515 1842 597 1922 Ι115)
630 1877 650 1888 -
679 1843 903 1923 eequieuerunt
933 1844 1000 1906 iere
1032 1844 1064 1904 in

56 1943 59 1948 “
155 1939 231 1999 Tilii
261 1942 457 2016 recensione,
492 1945 623 2021 arreptis
655 1952 824 2023 praetereo
845 1944 951 2017 nouis,
984 1965 1064 2024 quse

153 2039 350 2102 Ludouiei
365 2040 595 2106 Oberondoe
610 2063 706 2123 opere
722 2041 953 2122 suppeditabat,
972 2044 1065 2104 libro-

152 2161 219 2202 rmn
229 2141 383 2203 subsidiis.
404 2143 573 2204 Enimuero
586 2127 766 2204 Gherondes
778 2143 840 2224 (Le
853 2140 969 2223 Geron)
980 2144 1066 2208 Intus

96 2233 104 2254 ‘
152 2243 337 2304 Perisiensis
354 2243 429 2305 dees
450 2246 625 2325 regulorum
640 2243 791 2305 editiones
808 2245 945 2324 perunit,
961 2245 1063 2324 legum

153 2345 347 2426 antiquarum
362 2331 503 2426 catologo
516 2345 685 2421 subiectus,
705 2366 832 2426 querum
841 2346 936 2425 priori
953 2367 981 2406 a.
995 2359 1063 2412 1555

153 2445 1062 2529 codicemePhilippiGeruosiiIetiGermenibiblio-

150 2546 242 2606 theos
257 2547 487 2628 atypegrephis
498 2547 557 2608 sibi
572 2547 708 2608 oblatum
723 2545 878 2620 adhibuit,
893 2549 1022 2610 alterum
1034 2569 1063 2609 a.

151 2645 803 2727 leissedlibri„quipenesStephanum
816 2647 1062 2712 Auredonum

148 2747 224 2821 fuit,
250 2745 426 2828 exemplum
445 2748 598 2810 formauit.
641 2745 713 2826 (De
727 2746 910 2811 Charondae
929 2752 1062 2833 quodem

147 2849 235 2910 Festi
251 2849 331 2910 libro
346 2848 385 2911 ef.
400 2849 525 2910 Mulleri
538 2850 651 2910 Festus
665 2869 697 2929 p.
715 2845 819 2925 VIII.)
831 2846 837 2911 ,’
851 2850 931 2912 Inde
945 2839 1062 2913 fectum

149 2959 210 3025 eet,
233 2959 267 3010 ut
287 2952 341 3031 qui
357 2959 467 3031 poster
484 2950 525 3012 ed
539 2950 677 3012 edendos
692 2950 821 3031 leieni
832 2951 958 3029 regulae
973 2969 1060 3013 ecee-

150 3050 274 3125 derent,
296 3051 363 3113 iere
384 3051 511 3112 mixtum
532 3052 662 3112 etribus
679 3051 836 3112 eodieibus
848 3053 1060 3114 recensionem

148 3149 309 3222 referrent.
354 3151 464 3230 Qualis
488 3161 534 3213 est
562 3171 615 3226 ee,
646 3173 738 3233 quem
761 3154 794 3214 iu
818 3153 1062 3234 Inrisprndentio
1167 3201 1193 3212 ,.

148 3248 418 3314 Ameiustinionee
439 3254 541 3334 Lugd.
563 3275 591 3314 e.
614 3261 682 3318 1717
706 3255 901 3316 Antonius
920 3254 1059 3316 81111111-

147 3350 295 3430 tingius
310 3354 463 3431 exhibuit,
480 3357 530 3418 oui
542 3354 677 3418 suboluit
692 3355 816 3436 quidem
831 3355 924 3418 dubio
942 3354 1061 3418 Gerun-

147 3453 229 3514 sieni
256 3453 370 3516 eodieis
388 3455 481 3532 fides,
510 3456 565 3518 sed
595 3477 665 3517 eum
691 3459 786 3518 nimie
805 3455 964 3518 Auredrni
989 3456 1061 3516 libri
