2506 3980
349 507 519 551 mon’lvnn‘
541 507 651 548 TITVLI
673 507 716 556 EX
738 505 887 548 CORPORE
909 505 1041 547 vamum
1129 542 1135 559 Ι

361 628 376 678 I
410 627 453 678 De
469 625 575 676 libertis
970 660 972 670 .

345 713 375 764 11
409 713 452 764 De
470 711 552 776 statu,
562 709 677 761 liberum
694 709 739 761 uel
756 714 832 760 statu
848 708 941 780 liboris

332 799 376 850 111
410 799 454 850 Do
471 797 580 848 Latinis

289 865 290 872 4
317 886 376 938 ΙΙΙῙ
409 885 453 936 Do
470 883 512 932 his
531 881 577 947 qui
595 881 638 930 sui
655 880 722 929 iuris
741 885 805 930 sunt

350 973 375 1021 V
409 971 452 1022 De
470 969 513 1018 his
531 968 577 1033 qui
595 967 624 1016 in
641 972 779 1032 potestate
798 970 862 1016 sunt

329 1049 372 1116 ,v1
405 1057 449 1108 Do
462 1054 576 1110 'dotibus
684 1095 688 1108 ,
728 1054 730 1062 ’

320 1142 373 1192 VII
407 1143 451 1192 Do
467 1141 527 1190 iuro
546 1137 722 1204 donationum
740 1137 811 1187 inter
825 1139 912 1188 uirum
931 1143 958 1188 et
976 1153 1085 1188 uxorem

282 1219 373 1278 'VIII
407 1227 449 1276 De
467 1209 660 1289 adoptionibus

290 1313 374 1365 VIIII
407 1314 450 1363 De
467 1312 509 1362 his
528 1311 574 1376 qui
591 1291 719 1370 inmadu
738 1314 827 1359 sunt.

269 1430 281 1462 ι
318 1401 370 1476 ’Χ
407 1398 460 1462 Qui
477 1399 506 1448 iu
523 1402 661 1478 potpstate
677 1396 848 1461 mancipioue
865 1402 928 1447 suut
947 1412 1026 1462 quem
1044 1397 1135 1447 admo-

406 1485 469 1537 dum
487 1501 519 1536 eo
538 1486 597 1535 inre
614 1485 764 1540 liberentur

329 1573 369 1624 XI
403 1574 447 1636 Do
466 1567 560 1623 tutelis
612 1583 645 1633 ,¹
683 1593 695 1610 υ

313 1658 368 1708 XII
403 1659 445 1708 Dc
464 1658 635 1707 curatoribus

299 1741 369 1791 XIII
402 1741 504 1792 Decelo
522 1741 588 1791 orbo
607 1745 634 1790 et
654 1739 776 1789 solitario
794 1743 872 1804 patre

281 1828 366 1878 XIIII
400 1829 443 1880 Do
461 1843 550 1893 poena
567 1826 636 1893 legis
653 1825 741 1876 Iuliae

316 1913 367 1963 XV
400 1913 444 1964 De
461 1910 572 1962 decimis

299 2000 364 2050 XVI
398 2000 442 2050 Do
459 1998 541 2053 solidi
559 1996 714 2062 capacitate
731 1997 803 2046 inter
820 1997 908 2047 uirum
926 2002 1081 2046 etuxorom

167 2128 177 2158 ,
285 2087 365 2138 XVII
398 2087 441 2138 De
460 2085 571 2136 caducIs

171 2183 175 2190 ’
269 2170 363 2222 XVIII
399 2171 453 2232 Qui
469 2169 589 2218 habeant
605 2169 648 2218 ius
664 2169 805 2233 antiquum
822 2168 850 2217 iu
869 2168 978 2218 caducis

254 2255 363 2307 XVIIII
397 2256 440 2305 De
459 2253 585 2303 dominiIs
605 2259 632 2304 et
651 2243 878 2318 adquisitionibus
895 2270 984 2305 rerum
1078 2239 1080 2242 ¹

306 2340 365 2390 XX
400 2339 442 2389 De
459 2339 630 2389 testamentis

297 2423 363 2474 XXI
399 2423 484 2485 Quem
503 2423 647 2474 admodum
664 2423 742 2474 heres
760 2420 867 2474 institui
885 2422 984 2475 debeat

284 2507 365 2559 XXII
400 2507 453 2571 Qui
470 2505 582 2562 heredes
600 2509 708 2560 institui
725 2509 840 2574 potsunt

265 2595 360 2646 XXIII
396 2594 482 2656 Quem
495 2595 644 2646 admodum
661 2601 825 2647 testamenta
844 2599 1005 2685 rumpuntur

250 2679 360 2730 XXIIII
393 2681 437 2732 De
453 2680 553 2746 legatis
706 2731 715 2754 Ι

228 2819 233 2826 ,
283 2764 358 2813 XXV
392 2765 435 2814 De
451 2763 515 2815 fidei
532 2766 683 2816 commissis

269 2849 359 2900 XXVI
393 2850 436 2900 De
451 2845 581 2916 legitimis
599 2851 742 2902 heredibus

252 2935 357 2986 XXVII
391 2937 433 3000 De
451 2934 610 2990 libertorum
627 2938 844 2989 successionibus
862 2937 908 2987 uel
924 2938 1003 2988 bonis
1027 2957 1037 2969 ⁶

238 3021 358 3072 XXVIII
391 3022 435 3071 De
451 3022 669 3085 possessionibus
686 3023 782 3073 dandis
1193 3049 1223 3078 v

221 3106 356 3158 XXVIIII
389 3106 432 3155 De
446 3106 524 3158 bouis
542 3107 700 3160 libertorum
1085 3131 1087 3136 ·
1220 3113 1222 3172 l

203 3284 204 3287 ,
286 3242 363 3290 Hunc
380 3242 483 3292 indicem
497 3247 621 3296 titulorum
638 3244 733 3296 nesab
756 3247 864 3308 leiano
882 3259 927 3294 nec
942 3244 974 3294 ab
992 3248 1045 3296 eius
1061 3245 1124 3294 bre·
1218 3187 1221 3327 44

220 3313 319 3360 uiatore
341 3311 496 3374 profectius,
524 3315 571 3366 sed
594 3331 612 3364 a
645 3316 766 3365 Vaticani
788 3316 842 3365 siue
868 3314 1000 3382 orobetppi
1025 3313 1125 3364 codicis
1216 3331 1219 3418 Α

218 3381 345 3510 assigno?
367 3382 501 3444 consectum
520 3399 576 3434 esse
597 3383 763 3434 Mammeos
787 3386 918 3434 intellecta
967 3380 1033 3434 Vide
1054 3384 1119 3438 adn,
