2534 3988
186 240 232 312 ω
404 249 891 304 varmrrrrsu.uau.r11.1a

275 512 356 574 Nam
385 510 496 572 oinium
517 511 722 572 Romanorum
750 509 875 589 quidam
902 520 972 572 sunt
997 519 1103 590 patres

189 596 390 671 familiarum,
421 595 475 655 alii
501 594 558 655 filii
585 596 783 668 familiarum,
814 595 965 674 quaedam
988 606 1102 661 matres

190 682 390 755 familiarum,
417 678 569 760 quaedam
589 680 672 740 filiae
694 680 887 739 familiarum.
930 689 1034 759 patres
1053 682 1099 740 fa·

190 767 341 828 miliarum
363 775 442 836 sunt,
462 766 515 844 qui
535 774 606 825 sunt
625 784 699 836 suae
720 766 895 843 potestatis,
917 766 984 826 siue
1003 765 1124 844 pube-5

189 871 240 912 rea
260 853 326 912 siue
345 849 535 928 impuberes:
558 851 651 910 simili
666 849 755 909 modo
773 859 886 910 matres
903 850 1096 910 familiarum.

189 937 246 996 filii
268 935 452 995 familiarum
474 941 506 994 et
523 933 621 1009 filiae,
653 954 733 1014 qnae
760 943 831 994 sunt
858 935 890 995 in
916 934 1019 993 aliena
1046 953 1097 1018 po·

188 1027 316 1082 testate:
338 1019 484 1098 namqui
507 1037 546 1078 ex
566 1039 615 1078 me
638 1028 669 1078 et
688 1039 783 1079 uxore
804 1038 873 1079 mea
892 1020 1045 1094 naseitur,
1065 1019 1098 1078 in

188 1125 260 1166 mea
280 1112 431 1184 potestate
450 1111 511 1163 est:
539 1105 612 1162 item
633 1105 686 1182 qni
705 1123 744 1163 ex
770 1103 834 1162 filio
854 1123 922 1163 meo
946 1112 977 1162 et
1002 1123 1098 1164 uxore

190 1192 257 1250 eins
276 1189 427 1262 nascitur,
450 1186 482 1245 id
510 1195 557 1247 est
576 1207 673 1266 nepos
691 1207 776 1248 meus
802 1189 971 1266 atneptis,
995 1207 1095 1268 aeque
1105 1197 1141 1248 10

188 1275 221 1333 in
241 1292 310 1332 mea
331 1281 402 1332 sunt
421 1279 590 1349 potestate:
614 1281 645 1330 et
664 1291 816 1350 pronepos
835 1281 866 1331 et
886 1273 1044 1351 proneptis
1066 1283 1097 1332 et

189 1357 335 1437 deinceps
358 1358 462 1416 ceteri.

561 1472 671 1540 sxu

271 1565 388 1636 Tribus*
414 1574 512 1635 modis
528 1594 619 1658 'uxor
650 1572 834 1646 habebatur,
873 1592 946 1646 usn,
984 1573 1096 1646 farreo,

188 1661 396 1738 coemptione:
425 1659 480 1720 sed
509 1660 654 1741 farreatio
673 1658 747 1718 solis
764 1657 960 1736 pontificibus
982 1669 1139 1722 conus-15

186 1743 302 1804 niebat.
347 1743 436 1822 Quae
464 1751 565 1802 autem
587 1743 620 1802 in
646 1762 769 1802 manum
795 1760 851 1819 per
877 1743 1098 1821 coemptionem

188 1837 404 1901 conuenerant,
427 1847 484 1887 eae
501 1835 612 1888 matres
633 1826 766 1888 familias
786 1824 991 1900 uocabantur,
1014 1845 1096 1907 quae

185 1934 260 1976 uero
283 1934 341 1974 nau
361 1913 414 1974 uel
432 1913 545 1987 farreo,
573 1913 705 1982 minime.
751 1909 1006 1990 coemptionem
1031 1931 1096 1972 oer-

186 2000 229 2062 tia
243 1997 497 2060 sollemnitatibus
509 1997 723 2077 peragebatur,
746 2005 778 2056 et
798 2015 867 2055 sese
882 1997 914 2056 in
929 1995 1096 2058 coemendo

185 2085 218 2144 in
236 2084 337 2144 uicem
358 2082 595 2160 interrogabant,
617 2083 665 2142 uir
687 2083 741 2154 ita,
762 2100 803 2140 an
820 2080 880 2140 sibi
900 2075 1010 2142 mulie'r
1030 2085 1139 2140 mato

184 2176 232 2226 ter
260 2168 394 2228 familias
428 2185 494 2228 esse
526 2167 639 2228 uellet:
675 2167 731 2225 illa
761 2163 970 2244 respondebat
1000 2166 1095 2227 nelle.

184 2253 258 2312 item
279 2251 388 2311 mulier
407 2249 629 2328 interrogabat,
652 2271 692 2310 an
711 2249 759 2309 nir
774 2248 839 2310 sibi
855 2258 945 2328 pater
960 2251 1094 2310 familias

186 2327 253 2398 eabe
274 2332 384 2394 uellet:
413 2334 467 2412 ille
486 2333 691 2413 respondebat
712 2334 805 2394 uelle.
849 2335 960 2414 Itaque
986 2335 1095 2394 mulier

184 2420 244 2480 uiri
266 2419 471 2496 conueniebat
491 2420 524 2479 in
543 2438 674 2494 manum,
695 2427 727 2479 et
747 2418 938 2480 uocabantur
958 2419 1017 2484 hae
1037 2439 1094 2480 nu·

214 2573 216 2580 '
234 2581 266 2622 Xl
279 2581 303 2624 L.
319 2582 371 2623 41).
386 2583 414 2623 de
427 2582 463 2623 his
477 2582 514 2635 qni
530 2582 564 2622 sui
580 2581 615 2623 uel
629 2581 697 2622 alieni
712 2582 767 2623 iuria
780 2587 831 2623 sunt
846 2580 881 2622 lo
898 2581 1021 2636 ‘leianus
1036 2582 1094 2623 libro

176 2632 255 2692 ,primo
269 2631 447 2677 Institutionum.
456 2639 484 2675 ..¹
512 2632 570 2674 Haec
585 2645 640 2694 quae
654 2634 760 2687 deinceps
778 2637 900 2694 sequuntur
914 2632 1051 2694 fragmenta,
1066 2632 1094 2673 de

181 2688 300 2741 rurelsunt
323 2683 382 2743 qnod
399 2683 427 2724 ad
445 2695 552 2737 personas
584 2690 675 2724 ertrnet:
701 2690 778 2744 patres
792 2690 816 2724 et
829 2683 870 2744 filu
886 2682 1020 2743 {amrbarum
1034 2682 1092 2735 (XI).

182 2733 628 2846 ”urursamtltmtlt.
642 2735 756 2846 taam
772 2734 1093 2846 pertinentiam

182 2833 357 2940 'expffiszdhae'
384 2835 452 2884 Quam
465 2836 635 2877 sollemnitatem
653 2838 682 2876 in
701 2849 760 2878 aurs
780 2842 932 2877 institutis
951 2835 1094 2889 leranus

252 3022 269 3074 3
288 3022 337 3072 alii
359 3021 408 3072 filii
430 3021 596 3075 familiarum
615 3024 724 3087 ‘postea
741 3024 830 3074 addita
849 3039 899 3086 per
915 3025 991 3088 antiq.
1012 3021 1093 3072 libra-

181 3094 259 3142 rinm'
278 3095 304 3142 tn
321 3093 392 3145 Flos.
470 3090 531 3158 alii]
554 3093 664 3159 quidam
681 3093 745 3152 Hal.
822 3094 925 3144 bonae
943 3093 1093 3156 potestatis

180 3165 245 3212 sunt
258 3163 322 3212 Hal.
392 3160 411 3212 6
428 3165 457 3212 et
474 3167 575 3214 matres
594 3163 659 3213 Hal.
728 3165 744 3213 7
762 3162 813 3213 filii
828 3174 894 3214 nero
913 3165 941 3213 et
956 3159 1031 3214 filiae
1048 3161 1091 3211 fa-

180 3231 319 3282 miliarum
343 3230 391 3295 qui
409 3231 472 3285 Hal.
561 3233 749 3284 Snaseuntur
765 3231 829 3283 Hal.
916 3229 934 3282 9
951 3234 1092 3296 potestate

179 3309 241 3351 mea
259 3303 322 3351 sunt
339 3301 404 3352 Hal.
477 3301 509 3352 10
527 3301 650 3352 nascitur
667 3303 747 3352 ornet
759 3301 823 3353 Hal.
896 3299 983 3352 14.18
999 3301 1092 3360 farreo

178 3369 254 3422 Eine.
266 3368 381 3438 Sanpall.
402 3370 461 3423 dno.
477 3371 550 3422 farre
565 3373 607 3422 ael
622 3371 788 3422 farreatione
806 3369 866 3421 edd.
880 3371 940 3437 aliq.
959 3377 1018 3426 aete.

180 3439 360 3490 loramento
378 3439 451 3494 Eine.
470 3439 586 3507 Sanpall.
606 3443 651 3492 alt.
669 3439 852 3492 confarreatio
870 3440 929 3491 edd.
954 3450 957 3456 ·
