2534 3988
402 283 688 334 vaerssiuxvisu
707 283 796 337 a-o
1004 275 1045 334 27

142 449 215 506 sant
233 443 283 506 sui
311 439 441 504 heredes
460 441 564 517 matri,
594 441 776 522 ut2,obstent
802 449 940 521 patrono.
1027 441 1046 502 3

141 527 212 589 Lex
223 527 332 614 -Papia
346 527 502 605 *Poppaea
514 535 628 604 ,postea
651 527 779 590 libertas
806 535 948 606 quattuor
963 525 1047 588 ‘libe-

142 611 330 678 resonuisse
348 611 444 680 tutela
464 611 836 691 patronorumdiberauit,
861 620 891 672 et
912 612 1047 675 eumin·

142 697 248 768 ment
261 697 334 760 tiam
360 715 531 774 praesegeas
553 697 619 756 siue
648 697 828 758 anctoritate
854 705 1048 774 patronorum

105 782 260 853 ¹tttestari,
280 781 443 861 prospexit,
465 790 499 843 ut
515 801 572 859 pro
591 799 715 844 nummo
735 781 898 842 liberorum
919 781 1048 848 libertae

2 861 8 870 ⁴
142 867 337 945 superstitum
354 866 451 924 uirilis
473 886 544 944 pars
566 873 693 946 patrono
714 865 871 926 debeatur.
958 859 1058 926 41ιὶΙΙ

143 951 211 1010 beri
231 951 352 1030 patroni
371 951 469 1010 uirilis
492 970 584 1020 sexus
604 947 719 1012 'eadem
747 952 814 1010 iura
842 952 874 1010 in
899 949 984 1012 bonis
1013 951 1049 1008 li·
1141 987 1146 1008 f

143 1036 295 1097 hestorum
318 1043 477 1116 pareutum
507 1055 627 1094 suorum
656 1035 784 1106 babent,
820 1054 899 1116 quae
928 1043 959 1094 et
983 1036 1051 1114 ipse

143 1129 302 1200 patronus:
373 1119 409 1195 ι5
430 1121 563 1193 feminae
582 1140 655 1180 uero
679 1141 718 1180 ex
741 1121 812 1198 lage
829 1117 952 1200 quidem
976 1119 1049 1180 duo-

101 1205 137 1258 10
147 1204 246 1274 decim
264 1205 436 1278 tabularum
457 1204 585 1284 perinde
607 1205 654 1264 ius
669 1203 793 1278 habent,
803 1221 805 1228 ·
817 1213 909 1288 atque
924 1205 1051 1272 maseuli

143 1283 340 1369 patronorum
360 1289 465 1348 liberi:
489 1289 733 1363 eontratabulas
756 1298 857 1350 autem
876 1291 1051 1354 testamenti

144 1373 247 1435 liberti
273 1382 326 1432 aut
352 1373 391 1431 ab
418 1367 562 1438 intestato
595 1381 699 1434 eontra
729 1395 800 1436 suos
828 1373 957 1434 heredes
990 1395 1052 1434 nou

144 1459 303 1518 naturales
322 1456 468 1516 bonorum
488 1459 643 1538 possessio
666 1459 709 1518 eis
731 1479 793 1518 non
817 1478 884 1517 eom
905 1460 976 1517 etit:
995 1458 1052 1517 sed

105 1601 107 1604 .
146 1543 240 1604 eiius
264 1542 354 1602 trium
375 1541 748 1616 liberorumbabuerunt,
776 1543 866 1618 etiam
881 1479 966 1600 baec
986 1542 1053 1601 iura
1131 1574 1135 1584 ·

103 1635 137 1686 15
147 1640 192 1700 ex·
209 1629 279 1706 loge
297 1627 397 1708 Papia
413 1628 562 1708 Poppaea
581 1627 808 1696 nanciscuntur.
896 1627 915 1686 6
944 1627 1051 1688 Patro-

146 1732 206 1772 nae
223 1713 257 1770 in
278 1712 369 1772 bonis
383 1712 565 1776 libertorum
585 1711 733 1791 illndjus
749 1721 867 1773 tantum
889 1711 1053 1788 habebant,

147 1796 230 1877 quod
245 1797 298 1856 lex
309 1795 472 1856 du'odoeim
481 1797 652 1857 tabularum
666 1797 849 1858 introduxit:
876 1795 932 1856 sed
945 1806 1053 1878 postea

148 1961 250 2028 (51.3),
266 1987 331 2029 porro
346 1977 375 2018 de
387 1977 435 2016 iure
450 1945 570 2018 liberorum
584 1977 672 2030 patroni
693 1981 736 2018 tam
751 1977 898 2017 masculorum
912 1977 935 2026 (s
948 1969 969 2025 d)
990 1973 1056 2028 quatu

147 2029 279 2070 feminarum
294 2029 318 2076 (s
331 2028 366 2078 t),
386 2027 483 2080 denique
497 2027 586 2068 detine
603 2033 708 2080 petronae
723 2029 763 2077 (ss
776 2028 828 2077 (1.7)
847 2027 871 2066 in
884 2027 950 2068 bonis
963 2027 1055 2068 liberto—

137 2189 210 2245 ¹stoa
224 2185 399 2234 Laebnannus
415 2185 480 2234 oont-
499 2185 549 2236 Gai
563 2183 613 2233 ΙΙΙ
626 2187 670 2234 43.
689 2180 788 2248 ptiust.
807 2183 887 2234 Licet
903 2181 920 2234 1.
940 2201 963 2235 s.
976 2181 1055 2236 liber·
1144 2208 1146 2214 ·

150 2260 195 2306 tae
215 2253 259 2320 qiu
272 2272 299 2304 n.
310 2271 332 2305 s.
348 2250 370 2305 s}
386 2253 413 2304 h.
428 2255 510 2320 matri
522 2253 607 2305 obstit
623 2254 744 2320 (,obstat
760 2254 799 2305 ed.
812 2252 910 2319 princ.)
929 2259 1055 2319 patrone.

149 2327 207 2376 Lex
224 2325 352 2391 (patrono
370 2325 414 2375 lex
433 2323 473 2378 ed.
490 2324 587 2390 peine.)
610 2325 694 2390 papia
712 2319 800 2390 popei
818 2327 915 2388 postea
939 2325 1055 2390 (popea.

148 2393 250 2452 ¹Postea
275 2391 435 2458 adpone.)
461 2395 521 2445 Vnt.
547 2395 587 2444 ed.
611 2396 694 2458 pra'ne.
716 2393 847 2458 pertinet:
872 2408 936 2444 uam
951 2393 1016 2453 lieet
1036 2394 1055 2444 1.

151 2479 174 2512 ι.
191 2463 317 2524 libertae,
336 2465 464 2527 quoniam
482 2481 508 2512 n.
523 2481 545 2514 s.
563 2481 585 2513 s.
605 2464 632 2512 h.
652 2464 744 2526 matri,
762 2459 818 2512 no'n
836 2463 948 2512 obstant
964 2468 1058 2526 patro·

152 2533 197 2579 noi
214 2531 271 2580 Lex
289 2527 378 2594 Pupia
395 2534 517 2596 Popoea,
536 2547 581 2580 om.
600 2536 712 2595 postea,
730 2531 844 2580 Ouiadzu
856 2533 882 2580 tn
899 2539 950 2580 not.
970 2539 994 2582 et
1011 2533 1060 2581 nist

152 2600 221 2664 quod
243 2599 309 2648 licet
332 2601 404 2648 enim
424 2601 589 2664 (asservato
607 2598 715 2665 postea)
740 2597 883 2649 Hasebkt'ua
909 2598 1005 2663 (Beitr.
1032 2615 1055 2652 x.
1124 2617 1126 2622 ·

152 2669 222 2718 Kn'r.
241 2669 268 2716 d.
287 2667 365 2718 Gaius
380 2683 408 2729 p.
430 2667 485 2730 56).
512 2669 633 2718 Fortasse
650 2669 782 2732 pertinet:
805 2683 854 2718 neo
870 2667 935 2719 lieet
952 2669 970 2720 l.
986 2687 1009 2722 s.
1026 2669 1058 2719 li-

151 2740 262 2797 bertae,
282 2737 411 2801 quoniam
434 2752 461 2787 n.
482 2753 505 2787 s.
521 2753 543 2787 s.
562 2737 588 2786 h.
606 2740 703 2801 matri,
730 2738 839 2791 obsistit
857 2743 981 2804 patrono.
1000 2740 1059 2792 Lex

151 2811 183 2859 P.
199 2809 229 2858 Ρ.
248 2811 345 2872 postea
431 2809 450 2855 4
472 2821 504 2857 ea
527 2807 589 2856 Vat.
676 2809 693 2858 6
717 2807 893 2874 superstitum
910 2811 951 2863 ed.
973 2813 1058 2872 prino.

152 2873 323 2943 subprestitri
343 2878 404 2930 Vat.
430 2875 568 2927 θυίαοὲαω
581 2876 598 2925 b
669 2877 763 2928 9Hue
779 2879 940 2944 paragraphi
955 2881 1058 2944 sianum,

153 2949 221 3012 quood
237 2954 295 2997 erat
311 2963 336 2999 a.
354 2949 401 3006 11,
420 2948 577 3008 oanaposait
599 2946 672 3011 Hupo
688 2947 712 2995 Ι.
730 2947 758 2997 ’0.
776 2948 810 2998 Α.
831 2963 858 3011 p.
879 2952 949 2999 1607
1019 2948 1059 2998 td·

153 3018 244 3066 minae
270 3018 330 3068 Vat.
412 3016 440 3065 11
461 3019 626 3067 testamento
646 3017 708 3066 Vat.
790 3017 822 3068 13
840 3017 972 3069 naturalis
996 3019 1060 3069 Vnt:

154 3086 196 3137 ed.
219 3089 312 3149 piton,
331 3086 399 3152 quod
415 3101 472 3136 ease
490 3100 543 3134 ano.
559 3087 628 3146 plur.
645 3089 738 3149 monuit
751 3086 866 3137 Oreiadas
883 3089 909 3135 in
924 3090 991 3138 noas
1014 3126 1017 3134 .
1099 3127 1107 3132 ,

79 3198 82 3202 ,
156 3156 191 3204 14
209 3153 354 3206 habuerint
366 3156 442 3221 Hapo
458 3154 482 3204 Ι.
504 3155 532 3208 G.
552 3155 586 3207 Α.
603 3169 630 3218 ρ.
650 3159 721 3205 1607
807 3156 859 3206 hae
881 3147 942 3208 Vat.
1028 3156 1060 3206 15

157 3237 246 3288 popea
272 3225 334 3274 Vat.
357 3225 396 3275 ed.
419 3228 501 3288 prino.
589 3223 722 3289 patronae
747 3227 777 3275 iu
794 3225 836 3276 Io.
855 3226 1059 3289 Ouanepr'eterus.

156 3297 289 3358 paternae
308 3311 341 3344 ex
364 3296 427 3349 Vnt.
446 3299 579 3360 patronae
597 3311 631 3345 ex
649 3296 786 3358 edupriao.
870 3293 904 3345 16
922 3294 1061 3346 habebant

157 3363 233 3427 Haeo
248 3362 272 3410 I.
287 3361 315 3412 0.
332 3365 365 3413 Α.
381 3379 410 3426 p.
430 3369 508 3415 1⁶07.
527 3364 647 3414 habeant
667 3363 728 3417 Vat.
756 3365 894 3416 waram
911 3365 935 3418 b.
958 3365 1061 3416 habent

158 3432 197 3482 ed.
213 3433 295 3494 prino.
314 3433 353 3494 Of.
375 3433 425 3484 (iat
439 3434 489 3484 HI
503 3434 546 3484 49·
556 3433 694 3496 ‘patronae
711 3437 765 3485 otim
786 3442 845 3484 ante
862 3437 938 3500 lepam
955 3436 1062 3500 Paptam

157 3501 203 3551 boc
219 3503 296 3550 sobam
311 3503 350 3551 ius
368 3501 528 3554 debebant
543 3505 573 3554 in
590 3504 660 3555 bonis
677 3504 842 3555 libertorum!
1128 3524 1130 3530 ’
