<?xml version="1.0" encoding="UTF-8"?>
<!DOCTYPE html PUBLIC "-//W3C//DTD XHTML 1.0 Transitional//EN"
    "http://www.w3.org/TR/xhtml1/DTD/xhtml1-transitional.dtd">
<html xmlns="http://www.w3.org/1999/xhtml" xml:lang="en" lang="en">
 <head>
  <title>
</title>
<meta http-equiv="Content-Type" content="text/html;charset=utf-8" />
  <meta name='ocr-system' content='tesseract 3.04.00' />
  <meta name='ocr-capabilities' content='ocr_page ocr_carea ocr_par ocr_line ocrx_word'/>
</head>
<body>
  <div class='ocr_page' id='page_1' title='image "./domitiivlpianie00ulpigoog_0101.png"; bbox 0 0 2534 3988; ppageno 0'>
   <div class='ocr_carea' id='block_1_1' title="bbox 219 237 976 304">
    <p class='ocr_par' dir='ltr' id='par_1_1' title="bbox 219 237 976 304">
     <span class='ocr_line' id='line_1_1' title="bbox 219 237 976 304; baseline -0.001 -2"><span class='ocrx_word' id='word_1_1' title='bbox 219 237 260 304; x_wconf 85' lang='lat'>80</span> <span class='ocrx_word' id='word_1_2' title='bbox 365 253 701 304; x_wconf 74' lang='lat' dir='ltr'>vns1sn1s1s.nno.</span> <span class='ocrx_word' id='word_1_3' title='bbox 728 255 820 304; x_wconf 76' lang='lat' dir='ltr'>snso.</span> <span class='ocrx_word' id='word_1_4' title='bbox 844 254 976 302; x_wconf 67' lang='lat' dir='ltr'>seton,</span> 
     </span>
    </p>
   </div>
   <div class='ocr_carea' id='block_1_2' title="bbox 173 412 1172 2001">
    <p class='ocr_par' dir='ltr' id='par_1_2' title="bbox 221 412 1156 898">
     <span class='ocr_line' id='line_1_2' title="bbox 221 412 1132 492; baseline -0.001 -19"><span class='ocrx_word' id='word_1_5' title='bbox 221 415 260 473; x_wconf 90' lang='lat' dir='ltr'>In</span> <span class='ocrx_word' id='word_1_6' title='bbox 280 433 345 472; x_wconf 86' lang='lat' dir='ltr'>rem</span> <span class='ocrx_word' id='word_1_7' title='bbox 359 412 440 470; x_wconf 74' lang='lat' dir='ltr'>sotio</span> <span class='ocrx_word' id='word_1_8' title='bbox 460 418 522 485; x_wconf 87' lang='lat' dir='ltr'>est,</span> <span class='ocrx_word' id='word_1_9' title='bbox 545 432 601 491; x_wconf 86' lang='lat' dir='ltr'>per</span> <span class='ocrx_word' id='word_1_10' title='bbox 622 432 714 490; x_wconf 77' lang='lat' dir='ltr'>qnam</span> <span class='ocrx_word' id='word_1_11' title='bbox 733 433 799 473; x_wconf 88' lang='lat' dir='ltr'>rem</span> <span class='ocrx_word' id='word_1_12' title='bbox 815 421 964 482; x_wconf 80' lang='lat' dir='ltr'>nostram,</span> <span class='ocrx_word' id='word_1_13' title='bbox 986 431 1067 492; x_wconf 80' lang='lat' dir='ltr'>quoe</span> <span class='ocrx_word' id='word_1_14' title='bbox 1089 412 1132 472; x_wconf 80' lang='lat' dir='ltr'>ab</span> 
     </span>
     <span class='ocr_line' id='line_1_3' title="bbox 222 495 1132 578; baseline -0.002 -20"><span class='ocrx_word' id='word_1_15' title='bbox 222 498 283 558; x_wconf 80' lang='lat' dir='ltr'>elio</span> <span class='ocrx_word' id='word_1_16' title='bbox 303 495 490 576; x_wconf 82' lang='lat' dir='ltr'>possidetur,</span> <span class='ocrx_word' id='word_1_17' title='bbox 520 497 667 576; x_wconf 81' lang='lat' dir='ltr'>petimus:</span> <span class='ocrx_word' id='word_1_18' title='bbox 696 504 726 557; x_wconf 86' lang='lat' dir='ltr'>et</span> <span class='ocrx_word' id='word_1_19' title='bbox 750 517 870 578; x_wconf 81' lang='lat' dir='ltr'>semper</span> <span class='ocrx_word' id='word_1_20' title='bbox 891 496 1038 557; x_wconf 73' lang='lat' dir='ltr'>aduersus</span> <span class='ocrx_word' id='word_1_21' title='bbox 1061 517 1132 556; x_wconf 90' lang='lat' dir='ltr'>eum</span> 
     </span>
     <span class='ocr_line' id='line_1_4' title="bbox 222 582 1134 662; baseline -0.004 -18"><span class='ocrx_word' id='word_1_22' title='bbox 222 592 278 653; x_wconf 89' lang='lat' dir='ltr'>est,</span> <span class='ocrx_word' id='word_1_23' title='bbox 297 583 427 662; x_wconf 89' lang='lat' dir='ltr'>quirem</span> <span class='ocrx_word' id='word_1_24' title='bbox 448 582 595 662; x_wconf 78' lang='lat' dir='ltr'>possidet</span> <span class='ocrx_word' id='word_1_25' title='bbox 638 583 676 641; x_wconf 88' lang='lat' dir='ltr'>In</span> <span class='ocrx_word' id='word_1_26' title='bbox 697 602 857 662; x_wconf 78' lang='lat' dir='ltr'>personam</span> <span class='ocrx_word' id='word_1_27' title='bbox 878 583 957 642; x_wconf 81' lang='lat' dir='ltr'>notio</span> <span class='ocrx_word' id='word_1_28' title='bbox 980 591 1041 655; x_wconf 86' lang='lat' dir='ltr'>est,</span> <span class='ocrx_word' id='word_1_29' title='bbox 1067 602 1134 661; x_wconf 81' lang='lat' dir='ltr'>qua</span> 
     </span>
     <span class='ocr_line' id='line_1_5' title="bbox 221 665 1130 748; baseline -0.003 -20"><span class='ocrx_word' id='word_1_30' title='bbox 221 688 290 728; x_wconf 86' lang='lat' dir='ltr'>eum</span> <span class='ocrx_word' id='word_1_31' title='bbox 312 688 348 728; x_wconf 90' lang='lat' dir='ltr'>eo</span> <span class='ocrx_word' id='word_1_32' title='bbox 370 668 504 744; x_wconf 80' lang='lat' dir='ltr'><strong>agimus,</strong></span> <span class='ocrx_word' id='word_1_33' title='bbox 526 668 579 748; x_wconf 87' lang='lat' dir='ltr'>qui</span> <span class='ocrx_word' id='word_1_34' title='bbox 600 667 752 745; x_wconf 73' lang='lat' dir='ltr'>obligatus</span> <span class='ocrx_word' id='word_1_35' title='bbox 774 675 821 728; x_wconf 87' lang='lat' dir='ltr'>est</span> <span class='ocrx_word' id='word_1_36' title='bbox 839 667 926 728; x_wconf 86' lang='lat' dir='ltr'>nobis</span> <span class='ocrx_word' id='word_1_37' title='bbox 949 665 990 725; x_wconf 79' lang='lat' dir='ltr'>od</span> <span class='ocrx_word' id='word_1_38' title='bbox 1011 667 1130 726; x_wconf 80' lang='lat' dir='ltr'>facien-</span> 
     </span>
     <span class='ocr_line' id='line_1_6' title="bbox 222 751 1156 834; baseline 0.003 -22"><span class='ocrx_word' id='word_1_39' title='bbox 222 753 292 812; x_wconf 87' lang='lat' dir='ltr'>dnm</span> <span class='ocrx_word' id='word_1_40' title='bbox 313 751 431 832; x_wconf 75' lang='lat' dir='ltr'>aliquid</span> <span class='ocrx_word' id='word_1_41' title='bbox 452 751 503 811; x_wconf 89' lang='lat' dir='ltr'>uel</span> <span class='ocrx_word' id='word_1_42' title='bbox 523 751 672 812; x_wconf 79' lang='lat' dir='ltr'>dandum:</span> <span class='ocrx_word' id='word_1_43' title='bbox 697 761 728 812; x_wconf 92' lang='lat' dir='ltr'>et</span> <span class='ocrx_word' id='word_1_44' title='bbox 747 772 865 834; x_wconf 86' lang='lat' dir='ltr'>semper</span> <span class='ocrx_word' id='word_1_45' title='bbox 888 751 1036 816; x_wconf 82' lang='lat' dir='ltr'>aduersus</span> <span class='ocrx_word' id='word_1_46' title='bbox 1053 766 1156 815; x_wconf 79' lang='lat' dir='ltr'>eun-5</span> 
     </span>
     <span class='ocr_line' id='line_1_7' title="bbox 221 835 538 898; baseline -0.003 -1"><span class='ocrx_word' id='word_1_47' title='bbox 221 837 290 898; x_wconf 89' lang='lat' dir='ltr'>dem</span> <span class='ocrx_word' id='word_1_48' title='bbox 313 839 414 898; x_wconf 80' lang='lat' dir='ltr'>locum</span> <span class='ocrx_word' id='word_1_49' title='bbox 434 835 538 898; x_wconf 78' lang='lat' dir='ltr'>hebet.</span> 
     </span>
    </p>

    <p class='ocr_par' dir='ltr' id='par_1_3' title="bbox 173 921 1172 1830">
     <span class='ocr_line' id='line_1_8' title="bbox 308 921 1130 1000; baseline -0.005 -18"><span class='ocrx_word' id='word_1_50' title='bbox 308 923 319 982; x_wconf 87' lang='lat'>1</span> <span class='ocrx_word' id='word_1_51' title='bbox 361 923 525 982; x_wconf 86' lang='lat' dir='ltr'>Actionum</span> <span class='ocrx_word' id='word_1_52' title='bbox 566 931 668 981; x_wconf 79' lang='lat' dir='ltr'>sutem</span> <span class='ocrx_word' id='word_1_53' title='bbox 700 921 852 1000; x_wconf 75' lang='lat' dir='ltr'>quaedam</span> <span class='ocrx_word' id='word_1_54' title='bbox 887 941 927 980; x_wconf 86' lang='lat' dir='ltr'>ex</span> <span class='ocrx_word' id='word_1_55' title='bbox 961 929 1130 992; x_wconf 77' lang='lat' dir='ltr'>contractu,</span> 
     </span>
     <span class='ocr_line' id='line_1_9' title="bbox 220 1005 1130 1087; baseline -0.003 -21"><span class='ocrx_word' id='word_1_56' title='bbox 220 1007 373 1087; x_wconf 79' lang='lat' dir='ltr'>quaedam</span> <span class='ocrx_word' id='word_1_57' title='bbox 398 1027 439 1066; x_wconf 81' lang='lat' dir='ltr'>ex</span> <span class='ocrx_word' id='word_1_58' title='bbox 459 1007 558 1081; x_wconf 79' lang='lat' dir='ltr'>facto,</span> <span class='ocrx_word' id='word_1_59' title='bbox 585 1005 737 1086; x_wconf 79' lang='lat' dir='ltr'>quaedam</span> <span class='ocrx_word' id='word_1_60' title='bbox 758 1007 790 1065; x_wconf 92' lang='lat' dir='ltr'>in</span> <span class='ocrx_word' id='word_1_61' title='bbox 818 1007 931 1065; x_wconf 79' lang='lat' dir='ltr'>factum</span> <span class='ocrx_word' id='word_1_62' title='bbox 953 1013 1033 1064; x_wconf 86' lang='lat' dir='ltr'>sunt.</span> <span class='ocrx_word' id='word_1_63' title='bbox 1078 1005 1130 1063; x_wconf 79' lang='lat' dir='ltr'>Ex</span> 
     </span>
     <span class='ocr_line' id='line_1_10' title="bbox 222 1090 1131 1172; baseline -0.002 -20"><span class='ocrx_word' id='word_1_64' title='bbox 222 1101 380 1152; x_wconf 75' lang='lat' dir='ltr'>contractu</span> <span class='ocrx_word' id='word_1_65' title='bbox 408 1092 488 1150; x_wconf 82' lang='lat' dir='ltr'>notio</span> <span class='ocrx_word' id='word_1_66' title='bbox 508 1099 568 1164; x_wconf 82' lang='lat' dir='ltr'>est,</span> <span class='ocrx_word' id='word_1_67' title='bbox 598 1092 738 1172; x_wconf 86' lang='lat' dir='ltr'>quotiens</span> <span class='ocrx_word' id='word_1_68' title='bbox 765 1092 832 1172; x_wconf 89' lang='lat' dir='ltr'>quis</span> <span class='ocrx_word' id='word_1_69' title='bbox 859 1091 906 1149; x_wconf 90' lang='lat' dir='ltr'>sui</span> <span class='ocrx_word' id='word_1_70' title='bbox 935 1090 1131 1150; x_wconf 78' lang='lat' dir='ltr'>lucricausa</span> 
     </span>
     <span class='ocr_line' id='line_1_11' title="bbox 223 1173 1172 1255; baseline 0 -21"><span class='ocrx_word' id='word_1_71' title='bbox 223 1198 291 1235; x_wconf 84' lang='lat' dir='ltr'>oum</span> <span class='ocrx_word' id='word_1_72' title='bbox 321 1177 424 1255; x_wconf 80' lang='lat' dir='ltr'>aliquo</span> <span class='ocrx_word' id='word_1_73' title='bbox 458 1176 625 1249; x_wconf 76' lang='lat' dir='ltr'>contrahit,</span> <span class='ocrx_word' id='word_1_74' title='bbox 659 1175 755 1235; x_wconf 90' lang='lat' dir='ltr'>ueluti</span> <span class='ocrx_word' id='word_1_75' title='bbox 789 1175 917 1236; x_wconf 90' lang='lat' dir='ltr'>emendo</span> <span class='ocrx_word' id='word_1_76' title='bbox 952 1173 1128 1248; x_wconf 86' lang='lat' dir='ltr'>uendendo‚</span> <span class='ocrx_word' id='word_1_77' title='bbox 1143 1183 1172 1234; x_wconf 88' lang='lat'>10</span> 
     </span>
     <span class='ocr_line' id='line_1_12' title="bbox 217 1256 1131 1337; baseline -0.001 -17"><span class='ocrx_word' id='word_1_78' title='bbox 217 1256 353 1337; x_wconf 63' lang='lat' dir='ltr'>&#39;locando</span> <span class='ocrx_word' id='word_1_79' title='bbox 370 1257 586 1333; x_wconf 79' lang='lat' dir='ltr'>conducendo,</span> <span class='ocrx_word' id='word_1_80' title='bbox 608 1270 640 1320; x_wconf 92' lang='lat' dir='ltr'>et</span> <span class='ocrx_word' id='word_1_81' title='bbox 662 1261 772 1320; x_wconf 79' lang='lat' dir='ltr'>oete&#39;ris</span> <span class='ocrx_word' id='word_1_82' title='bbox 789 1259 948 1320; x_wconf 80' lang='lat' dir='ltr'>similibus.</span> <span class='ocrx_word' id='word_1_83' title='bbox 977 1260 1027 1318; x_wconf 86' lang='lat' dir='ltr'>Ex</span> <span class='ocrx_word' id='word_1_84' title='bbox 1046 1261 1131 1319; x_wconf 85' lang='lat' dir='ltr'>facto</span> 
     </span>
     <span class='ocr_line' id='line_1_13' title="bbox 173 1343 1131 1440; baseline -0.001 -35"><span class='ocrx_word' id='word_1_85' title='bbox 173 1367 179 1376; x_wconf 85' lang='grc'><strong>’</strong></span> <span class='ocrx_word' id='word_1_86' title='bbox 223 1344 303 1408; x_wconf 81' lang='lat' dir='ltr'>notio</span> <span class='ocrx_word' id='word_1_87' title='bbox 326 1343 387 1419; x_wconf 84' lang='lat' dir='ltr'>est,</span> <span class='ocrx_word' id='word_1_88' title='bbox 411 1346 552 1426; x_wconf 82' lang='lat' dir='ltr'>quotiens</span> <span class='ocrx_word' id='word_1_89' title='bbox 575 1365 614 1405; x_wconf 86' lang='lat' dir='ltr'>ex</span> <span class='ocrx_word' id='word_1_90' title='bbox 638 1365 674 1404; x_wconf 88' lang='lat' dir='ltr'>eo</span> <span class='ocrx_word' id='word_1_91' title='bbox 696 1347 796 1419; x_wconf 79' lang='lat' dir='ltr'>teneri</span> <span class='ocrx_word' id='word_1_92' title='bbox 816 1347 883 1428; x_wconf 90' lang='lat' dir='ltr'>quis</span> <span class='ocrx_word' id='word_1_93' title='bbox 903 1343 1024 1440; x_wconf 55' lang='lat' dir='ltr'>intigit¹</span> <span class='ocrx_word' id='word_1_94' title='bbox 1040 1343 1131 1426; x_wconf 49' lang='lat' dir='ltr'>¹quod</span> 
     </span>
     <span class='ocr_line' id='line_1_14' title="bbox 221 1426 1130 1509; baseline -0.002 -19"><span class='ocrx_word' id='word_1_95' title='bbox 221 1426 288 1509; x_wconf 77' lang='lat' dir='ltr'>ipse</span> <span class='ocrx_word' id='word_1_96' title='bbox 311 1429 441 1505; x_wconf 76' lang='lat' dir='ltr'>admisit,</span> <span class='ocrx_word' id='word_1_97' title='bbox 464 1429 578 1490; x_wconf 89' lang='lat' dir='ltr'>ueluti</span> <span class='ocrx_word' id='word_1_98' title='bbox 600 1431 712 1490; x_wconf 79' lang='lat' dir='ltr'>furtum</span> <span class='ocrx_word' id='word_1_99' title='bbox 734 1433 786 1492; x_wconf 88' lang='lat' dir='ltr'>uel</span> <span class='ocrx_word' id='word_1_100' title='bbox 808 1431 948 1491; x_wconf 81' lang='lat' dir='ltr'>iniuriam</span> <span class='ocrx_word' id='word_1_101' title='bbox 971 1431 1130 1504; x_wconf 79' lang='lat' dir='ltr'>commisit,</span> 
     </span>
     <span class='ocr_line' id='line_1_15' title="bbox 221 1507 1129 1600; baseline -0.003 -24"><span class='ocrx_word' id='word_1_102' title='bbox 221 1517 274 1576; x_wconf 89' lang='lat' dir='ltr'>uel</span> <span class='ocrx_word' id='word_1_103' title='bbox 297 1517 439 1576; x_wconf 82' lang='lat' dir='ltr'>damnum</span> <span class='ocrx_word' id='word_1_104' title='bbox 462 1514 557 1574; x_wconf 81' lang='lat' dir='ltr'>dedit.</span> <span class='ocrx_word' id='word_1_105' title='bbox 578 1529 583 1542; x_wconf 89' lang='grc'>’</span> <span class='ocrx_word' id='word_1_106' title='bbox 601 1518 639 1576; x_wconf 92' lang='lat' dir='ltr'>In</span> <span class='ocrx_word' id='word_1_107' title='bbox 660 1517 775 1578; x_wconf 77' lang='lat' dir='ltr'>factum</span> <span class='ocrx_word' id='word_1_108' title='bbox 799 1517 881 1578; x_wconf 82' lang='lat' dir='ltr'>actio</span> <span class='ocrx_word' id='word_1_109' title='bbox 903 1507 1030 1586; x_wconf 55' lang='lat' dir='ltr'>dicioni,</span> <span class='ocrx_word' id='word_1_110' title='bbox 1054 1535 1129 1600; x_wconf 19' lang='lat' dir='ltr'>quta-</span> 
     </span>
     <span class='ocr_line' id='line_1_16' title="bbox 221 1596 1169 1682; baseline 0.001 -22"><span class='ocrx_word' id='word_1_111' title='bbox 221 1601 260 1660; x_wconf 81' lang='lat' dir='ltr'>lis</span> <span class='ocrx_word' id='word_1_112' title='bbox 289 1610 336 1665; x_wconf 85' lang='lat' dir='ltr'>est</span> <span class='ocrx_word' id='word_1_113' title='bbox 365 1600 500 1677; x_wconf 84' lang='lat' dir='ltr'>exempli</span> <span class='ocrx_word' id='word_1_114' title='bbox 528 1603 628 1678; x_wconf 75' lang='lat' dir='ltr'>grstia</span> <span class='ocrx_word' id='word_1_115' title='bbox 656 1603 750 1674; x_wconf 79' lang='lat' dir='ltr'>notio,</span> <span class='ocrx_word' id='word_1_116' title='bbox 781 1621 861 1682; x_wconf 76' lang='lat' dir='ltr'>qnae</span> <span class='ocrx_word' id='word_1_117' title='bbox 883 1596 972 1659; x_wconf 76' lang='lat' dir='ltr'>detur</span> <span class='ocrx_word' id='word_1_118' title='bbox 996 1608 1127 1682; x_wconf 78' lang='lat' dir='ltr'>patrono</span> <span class='ocrx_word' id='word_1_119' title='bbox 1141 1611 1169 1661; x_wconf 80' lang='lat'>15</span> 
     </span>
     <span class='ocr_line' id='line_1_17' title="bbox 223 1683 1129 1765; baseline 0 -21"><span class='ocrx_word' id='word_1_120' title='bbox 223 1683 369 1746; x_wconf 77' lang='lat' dir='ltr'>aduersus</span> <span class='ocrx_word' id='word_1_121' title='bbox 390 1684 547 1757; x_wconf 87' lang='lat' dir='ltr'>libertum,</span> <span class='ocrx_word' id='word_1_122' title='bbox 575 1705 594 1743; x_wconf 82' lang='lat' dir='ltr'>a</span> <span class='ocrx_word' id='word_1_123' title='bbox 616 1706 676 1765; x_wconf 90' lang='lat' dir='ltr'>quo</span> <span class='ocrx_word' id='word_1_124' title='bbox 699 1695 802 1746; x_wconf 82' lang='lat' dir='ltr'>eontra</span> <span class='ocrx_word' id='word_1_125' title='bbox 824 1685 958 1746; x_wconf 81' lang='lat' dir='ltr'>edietum</span> <span class='ocrx_word' id='word_1_126' title='bbox 979 1685 1129 1765; x_wconf 83' lang='lat' dir='ltr'>praetoris</span> 
     </span>
     <span class='ocr_line' id='line_1_18' title="bbox 222 1767 1144 1830; baseline -0.007 0"><span class='ocrx_word' id='word_1_127' title='bbox 222 1770 255 1830; x_wconf 92' lang='lat' dir='ltr'>in</span> <span class='ocrx_word' id='word_1_128' title='bbox 276 1771 323 1830; x_wconf 89' lang='lat' dir='ltr'>ins</span> <span class='ocrx_word' id='word_1_129' title='bbox 344 1777 472 1829; x_wconf 83' lang='lat' dir='ltr'>uooatus</span> <span class='ocrx_word' id='word_1_130' title='bbox 493 1777 550 1826; x_wconf 89' lang='lat' dir='ltr'>est.</span> <span class='ocrx_word' id='word_1_131' title='bbox 915 1767 919 1780; x_wconf 80' lang='lat'><strong><em>¹</em></strong></span> <span class='ocrx_word' id='word_1_132' title='bbox 966 1783 971 1792; x_wconf 82' lang='lat'><strong><em>‘</em></strong></span> <span class='ocrx_word' id='word_1_133' title='bbox 1140 1777 1144 1788; x_wconf 89' lang='grc'><em>“</em></span> 
     </span>
    </p>

    <p class='ocr_par' dir='ltr' id='par_1_4' title="bbox 222 1849 1127 2001">
     <span class='ocr_line' id='line_1_19' title="bbox 292 1849 1127 1937; baseline 0.008 -27"><span class='ocrx_word' id='word_1_134' title='bbox 292 1849 327 1912; x_wconf 99' lang='grc'>2</span> <span class='ocrx_word' id='word_1_135' title='bbox 352 1853 465 1916; x_wconf 86' lang='lat' dir='ltr'>Omnes</span> <span class='ocrx_word' id='word_1_136' title='bbox 488 1861 590 1913; x_wconf 81' lang='lat' dir='ltr'>autom</span> <span class='ocrx_word' id='word_1_137' title='bbox 613 1856 748 1916; x_wconf 83' lang='lat' dir='ltr'>actiones</span> <span class='ocrx_word' id='word_1_138' title='bbox 771 1863 824 1915; x_wconf 80' lang='lat' dir='ltr'>aut</span> <span class='ocrx_word' id='word_1_139' title='bbox 846 1854 956 1934; x_wconf 74' lang='lat' dir='ltr'>oin&#39;iles</span> <span class='ocrx_word' id='word_1_140' title='bbox 979 1854 1127 1937; x_wconf 71' lang='lat' dir='ltr'>dicontur,</span> 
     </span>
     <span class='ocr_line' id='line_1_20' title="bbox 222 1935 499 2001; baseline -0.014 0"><span class='ocrx_word' id='word_1_141' title='bbox 222 1935 281 2001; x_wconf 81' lang='lat' dir='ltr'>aut</span> <span class='ocrx_word' id='word_1_142' title='bbox 295 1938 499 2000; x_wconf 62' lang='lat' dir='ltr'>honorariam</span> 
     </span>
    </p>
   </div>
   <div class='ocr_carea' id='block_1_3' title="bbox 222 2119 1128 2176">
    <p class='ocr_par' dir='ltr' id='par_1_5' title="bbox 222 2119 1128 2176">
     <span class='ocr_line' id='line_1_21' title="bbox 222 2119 1128 2176; baseline -0.001 -13"><span class='ocrx_word' id='word_1_143' title='bbox 222 2126 309 2176; x_wconf 77' lang='lat' dir='ltr'>querat:</span> <span class='ocrx_word' id='word_1_144' title='bbox 324 2121 360 2162; x_wconf 85' lang='lat' dir='ltr'>cui</span> <span class='ocrx_word' id='word_1_145' title='bbox 374 2119 461 2172; x_wconf 82' lang='lat' dir='ltr'>quidem</span> <span class='ocrx_word' id='word_1_146' title='bbox 476 2119 542 2161; x_wconf 78' lang='lat' dir='ltr'>Gaius</span> <span class='ocrx_word' id='word_1_147' title='bbox 557 2125 625 2160; x_wconf 83' lang='lat' dir='ltr'>totum</span> <span class='ocrx_word' id='word_1_148' title='bbox 640 2122 817 2163; x_wconf 77' lang='lat' dir='ltr'>commentarium</span> <span class='ocrx_word' id='word_1_149' title='bbox 831 2128 932 2174; x_wconf 72' lang='lat' dir='ltr'>quartum</span> <span class='ocrx_word' id='word_1_150' title='bbox 945 2122 1034 2163; x_wconf 78' lang='lat' dir='ltr'>dicauit.</span> <span class='ocrx_word' id='word_1_151' title='bbox 1054 2121 1128 2164; x_wconf 74' lang='lat' dir='ltr'>Restat</span> 
     </span>
    </p>
   </div>
   <div class='ocr_carea' id='block_1_4' title="bbox 220 2171 1127 2280">
    <p class='ocr_par' dir='ltr' id='par_1_6' title="bbox 220 2171 1127 2280">
     <span class='ocr_line' id='line_1_22' title="bbox 222 2171 1127 2260; baseline 0.002 -48"><span class='ocrx_word' id='word_1_152' title='bbox 222 2177 295 2216; x_wconf 72' lang='lat' dir='ltr'>autem</span> <span class='ocrx_word' id='word_1_153' title='bbox 313 2173 355 2212; x_wconf 82' lang='lat' dir='ltr'>hoe</span> <span class='ocrx_word' id='word_1_154' title='bbox 368 2171 493 2260; x_wconf 45' lang='lat' dir='ltr'>fraffmento</span> <span class='ocrx_word' id='word_1_155' title='bbox 508 2171 535 2211; x_wconf 83' lang='lat' dir='ltr'>ds</span> <span class='ocrx_word' id='word_1_156' title='bbox 553 2172 677 2214; x_wconf 76' lang='lat' dir='ltr'>notionibus</span> <span class='ocrx_word' id='word_1_157' title='bbox 695 2173 816 2214; x_wconf 75' lang='lat' dir='ltr'>nihil-nist</span> <span class='ocrx_word' id='word_1_158' title='bbox 834 2173 944 2216; x_wconf 79' lang='lat' dir='ltr'>actionum</span> <span class='ocrx_word' id='word_1_159' title='bbox 962 2173 1085 2214; x_wconf 84' lang='lat' dir='ltr'>diuisiooes</span> <span class='ocrx_word' id='word_1_160' title='bbox 1104 2186 1127 2214; x_wconf 78' lang='lat' dir='ltr'>eo</span> 
     </span>
     <span class='ocr_line' id='line_1_23' title="bbox 220 2220 818 2280; baseline -0.002 -16"><span class='ocrx_word' id='word_1_161' title='bbox 220 2223 375 2264; x_wconf 80' lang='lat' dir='ltr'>definitiones.</span> <span class='ocrx_word' id='word_1_162' title='bbox 391 2221 424 2262; x_wconf 82' lang='lat' dir='ltr'>G.</span> <span class='ocrx_word' id='word_1_163' title='bbox 441 2220 480 2280; x_wconf 64' lang='lat' dir='ltr'>(tsi</span> <span class='ocrx_word' id='word_1_164' title='bbox 493 2221 524 2262; x_wconf 79' lang='lat' dir='ltr'>lv</span> <span class='ocrx_word' id='word_1_165' title='bbox 537 2221 605 2265; x_wconf 81' lang='grc'>1-9.</span> <span class='ocrx_word' id='word_1_166' title='bbox 814 2235 818 2242; x_wconf 87' lang='grc'><strong>’</strong></span> 
     </span>
    </p>
   </div>
   <div class='ocr_carea' id='block_1_5' title="bbox 218 2377 1126 2653">
    <p class='ocr_par' dir='ltr' id='par_1_7' title="bbox 218 2377 1126 2653">
     <span class='ocr_line' id='line_1_24' title="bbox 295 2377 1126 2447; baseline 0.005 -21"><span class='ocrx_word' id='word_1_167' title='bbox 295 2377 310 2426; x_wconf 86' lang='grc'><strong>7</strong></span> <span class='ocrx_word' id='word_1_168' title='bbox 329 2377 452 2428; x_wconf 82' lang='lat' dir='ltr'>actiones</span> <span class='ocrx_word' id='word_1_169' title='bbox 470 2377 533 2428; x_wconf 81' lang='lat' dir='ltr'><em>Hal.</em></span> <span class='ocrx_word' id='word_1_170' title='bbox 610 2379 627 2429; x_wconf 91' lang='lat'>8</span> <span class='ocrx_word' id='word_1_171' title='bbox 646 2395 680 2430; x_wconf 88' lang='lat' dir='ltr'>ex</span> <span class='ocrx_word' id='word_1_172' title='bbox 696 2382 811 2447; x_wconf 77' lang='lat' dir='ltr'>peceato</span> <span class='ocrx_word' id='word_1_173' title='bbox 829 2380 891 2429; x_wconf 83' lang='lat' dir='ltr'><em>Hal.</em></span> <span class='ocrx_word' id='word_1_174' title='bbox 963 2380 1126 2446; x_wconf 53' lang='grc' dir='ltr'>9429υο-</span> 
     </span>
     <span class='ocr_line' id='line_1_25' title="bbox 225 2447 1126 2514; baseline 0 -16"><span class='ocrx_word' id='word_1_175' title='bbox 225 2448 278 2498; x_wconf 88' lang='lat' dir='ltr'>ties</span> <span class='ocrx_word' id='word_1_176' title='bbox 296 2447 359 2501; x_wconf 86' lang='lat' dir='ltr'><em>Hal.</em></span> <span class='ocrx_word' id='word_1_177' title='bbox 430 2447 563 2498; x_wconf 65' lang='lat' dir='ltr'>doaussn</span> <span class='ocrx_word' id='word_1_178' title='bbox 588 2448 648 2502; x_wconf 82' lang='lat' dir='ltr'><em>Hal.</em></span> <span class='ocrx_word' id='word_1_179' title='bbox 731 2449 760 2499; x_wconf 92' lang='lat' dir='ltr'>ll</span> <span class='ocrx_word' id='word_1_180' title='bbox 785 2465 818 2500; x_wconf 82' lang='lat' dir='ltr'>ex</span> <span class='ocrx_word' id='word_1_181' title='bbox 840 2449 916 2501; x_wconf 75' lang='lat' dir='ltr'>facto</span> <span class='ocrx_word' id='word_1_182' title='bbox 939 2453 1031 2500; x_wconf 81' lang='lat' dir='ltr'>autem</span> <span class='ocrx_word' id='word_1_183' title='bbox 1054 2451 1126 2514; x_wconf 60' lang='lat' dir='ltr'>Volo.</span> 
     </span>
     <span class='ocr_line' id='line_1_26' title="bbox 218 2513 1059 2584; baseline -0.004 -14"><span class='ocrx_word' id='word_1_184' title='bbox 218 2533 258 2570; x_wconf 79' lang='lat' dir='ltr'>ex</span> <span class='ocrx_word' id='word_1_185' title='bbox 282 2521 396 2583; x_wconf 77' lang='lat' dir='ltr'>peceato</span> <span class='ocrx_word' id='word_1_186' title='bbox 420 2523 510 2570; x_wconf 79' lang='lat' dir='ltr'>nutem</span> <span class='ocrx_word' id='word_1_187' title='bbox 534 2513 597 2568; x_wconf 80' lang='lat' dir='ltr'><em>Hal.</em></span> <span class='ocrx_word' id='word_1_188' title='bbox 687 2516 719 2568; x_wconf 83' lang='lat'>13</span> <span class='ocrx_word' id='word_1_189' title='bbox 746 2519 831 2569; x_wconf 79' lang='lat' dir='ltr'>ueluti</span> <span class='ocrx_word' id='word_1_190' title='bbox 848 2521 873 2572; x_wconf 87' lang='lat' dir='ltr'>si</span> <span class='ocrx_word' id='word_1_191' title='bbox 898 2521 960 2570; x_wconf 81' lang='lat' dir='ltr'><em>Hal.</em></span> <span class='ocrx_word' id='word_1_192' title='bbox 984 2519 1059 2584; x_wconf 66' lang='lat' dir='ltr'><em>Vulq.</em></span> 
     </span>
     <span class='ocr_line' id='line_1_27' title="bbox 223 2583 728 2653; baseline -0.008 -13"><span class='ocrx_word' id='word_1_193' title='bbox 223 2583 390 2640; x_wconf 80' lang='lat' dir='ltr'>oomm‘iserit</span> <span class='ocrx_word' id='word_1_194' title='bbox 401 2623 408 2638; x_wconf 89' lang='lat'><strong>.</strong></span> <span class='ocrx_word' id='word_1_195' title='bbox 420 2623 426 2638; x_wconf 92' lang='lat'><strong>.</strong></span> <span class='ocrx_word' id='word_1_196' title='bbox 440 2587 543 2639; x_wconf 86' lang='lat' dir='ltr'>dederit</span> <span class='ocrx_word' id='word_1_197' title='bbox 566 2589 629 2639; x_wconf 82' lang='lat' dir='ltr'><em>Hal.</em></span> <span class='ocrx_word' id='word_1_198' title='bbox 654 2591 728 2653; x_wconf 68' lang='lat' dir='ltr'>any.</span> 
     </span>
    </p>
   </div>
   <div class='ocr_carea' id='block_1_6' title="bbox 0 0 1275 3988">
    <p class='ocr_par' dir='ltr' id='par_1_8' title="bbox 0 0 1275 3988">
     <span class='ocr_line' id='line_1_28' title="bbox 0 0 1275 3988; baseline 0 0"><span class='ocrx_word' id='word_1_199' title='bbox 0 0 1275 3988; x_wconf 95' lang='lat' dir='ltr'> </span> 
     </span>
    </p>
   </div>
  </div>
 </body>
</html>
