2506 3980
511 255 705 297 nanarnrro.
889 225 892 234 ’
998 251 1064 298 xm

152 404 352 484 neglegentia
373 404 486 464 factum
509 415 572 479 eet,
603 416 640 466 ut
660 407 715 466 alii
735 407 860 488 qnidam
881 407 957 481 loci,
986 425 1062 488 quoe

146 527 172 566 -e
196 507 272 566 Tilii
293 505 371 566 libro
392 507 532 586 protulit,
555 527 664 587 parurn
687 529 755 569 cum
769 510 930 571 Vaticano·
943 499 1062 589 conepi-
1138 551 1142 556 -

151 617 239 682 rent„
276 607 370 669 Velut
391 607 473 687 qnod
494 606 584 669 Obea.
598 609 696 670 XVII
716 617 752 674 28
772 609 867 669 tradit
886 610 933 672 tit.
950 610 1063 671 XXIV

156 720 190 772 14
210 707 287 767 ‘tria
309 727 407 768 uacua
429 711 549 787 epatia’
576 711 674 770 fnisse
697 711 728 768 in
747 709 944 785 ¹Tiliiiibro,
972 691 1065 772 eaid

155 809 306 870 Vaticano
333 810 459 890 expleta
480 819 566 884 eunt,
593 812 637 870 ita
661 821 779 885 tamen,
804 802 900 872 utet
920 813 1063 887 lacunae,

155 911 328 990 qnueolim
351 911 488 984 fuerunt,
508 916 702 976 consentiant
717 935 784 976 cum
803 913 923 975 Gniacii
940 913 1063 987 indicio,

128 1059 131 1066 .
156 1031 214 1071 nec
241 1013 455 1093 supplementa
485 1015 554 1092 ipsa
581 1015 696 1075 aTilii
718 1016 854 1076 editione
877 1012 1063 1094 discrepent.

155 1110 353 1193 Quapropter
380 1134 448 1174 cum
475 1115 567 1174 etium
584 1113 758 1176 additurum
781 1135 892 1177 uocum
912 1116 1065 1195 scriptura

153 1223 312 1274 recentem
340 1226 474 1278 aetatem
499 1215 621 1295 prodat,
651 1226 791 1298 apertum
818 1218 957 1291 uidetur,
984 1217 1064 1276 haec

155 1336 226 1376 ease
246 1326 316 1396 post
337 1316 495 1377 Onitcium
516 1337 533 1378 e
551 1319 691 1399 principe
714 1318 849 1379 editione
872 1319 904 1378 in
927 1316 1064 1377 codicem

75 1456 79 1462 ·
155 1416 299 1489 inuecta,
322 1418 376 1496 qui
400 1437 439 1478 ne
462 1418 496 1476 in
518 1437 554 1477 eo
576 1419 701 1497 quidem
722 1440 742 1477 a
756 1418 876 1479 Oniacii
890 1418 1064 1481 testimonio

157 1513 266 1587 dietat,
299 1516 396 1596 quod·
411 1521 477 1576 uelit
499 1522 572 1578 darc
597 1539 691 1580 uocas
717 1520 843 1600 paulum
873 1518 1065 1578 oblitteratae

150 1616 301 1676 ostendit.
345 1619 458 1699 Neq'ue
477 1619 572 1683 aliter.
585 1620 783 1682 iudicandum
805 1630 852 1684 eet
867 1619 906 1680 de
929 1617 1065 1679 eiusdem

152 1717 203 1776 tit.
227 1721 242 1794 §
264 1728 299 1782 Ἡ
326 1724 476 1798 <tequam
498 1725 534 1780 ab
560 1741 592 1781 ao
613 1733 716 1783 numm
738 1728 805 1783 dari
819 1731 922 1800 potest,
945 1726 994 1798 put
1014 1755 1065 1781 ·...

158 1861 297 1880 .......
302 1823 313 1852 '
347 1821 398 1880 Ite
411 1823 492 1882 enim
512 1824 681 1904 antiquitus
695 1826 879 1886 Vaticanum
898 1823 1066 1902 exemplar,

157 1917 351 1999 eandemque
373 1919 436 1978 loci
456 1923 591 1999 speciem
614 1945 632 1983 e
653 1926 730 1986 'Filii
747 1926 826 1985 libro
850 1924 969 1984 Ouiacii
989 1921 1066 1996 fidae

152 2017 309 2096 perhibet
341 2019 422 2078 Nem
441 2019 584 2080 lacunam
601 2023 717 2084 codicia
738 2033 770 2084 et
790 2025 823 2084 in
837 2021 1066 2103 posterioribus,
1161 2103 1168 2112 ι

158 2137 236 2199 quae
260 2117 340 2193 dixi,
360 2121 443 2181 notia
463 2123 593 2183 teeta'tue
615 2133 664 2184 est
683 2134 715 2184 et
729 2123 915 2204 significauit
933 2121 1066 2183 editione

158 2241 188 2281 aa
209 2229 293 2296 1586,
320 2222 437 2303 inqua
457 2223 594 2284 mutilam
622 2227 789 2286 orationem
813 2245 853 2286 ex
873 2223 998 2302 ingenio
1022 2224 1066 2284 eie

157 2321 332 2401 reparant,
352 2331 392 2382 ut·
408 2323 618 2386 additamenta
633 2346 690 2387 aua
702 2326 872 2387 litterarum
888 2324 1067 2388 diuersitate

158 2419 320 2482 indicaret.
363 2424 461 2506 Atqui
482 2426 584 2488 'Pilius
611 2427 656 2486 ita
682 2427 784 2487 locum
812 2427 956 2487 formauit
977 2431 1065 2502 Lepa-

150 2529 216 2578 *ntum
234 2527 267 2580 er·
286 2532 392 2583 tantum
408 2529 476 2586 deri
488 2537 601 2601 potens
622 2532 672 2602 qui
691 2536 846 2588 munnere
866 2537 920 2587 ert.-
948 2546 1066 2606 eaeque

152 2624 367 2684 ‚correctiones
386 2645 407 2684 a
424 2628 543 2686 recenti
568 2647 661 2686 manu
678 2629 713 2690 iu
732 2627 884 2689 Vaticano
906 2635 1067 2708 appetent,

158 2731 194 2782 ut
220 2744 283 2784 non
309 2726 419 2784 mirum
441 2725 597 2801 uideatur,
634 2725 794 2788 Ouiacium
820 2747 872 2788 eas
897 2727 931 2788 iu
959 2727 1066 2788 codice

151 2843 220 2886 ,uon
244 2827 412 2887 inuenisse.
447 2827 600 2909 Denique
626 2849 666 2889 ne
687 2850 728 2890 ex
750 2831 795 2890 eie
819 2829 958 2910 quidem,
987 2847 1065 2911 quae

160 2924 199 2985 de
220 2926 365 2990 Vaticani
393 2928 510 3007 origine
539 2949 575 2990 ac
602 2930 726 2990 fortuna
750 2929 926 3004 traduntur,
952 2929 1066 2988 firmius

158 3025 300 3089 nuditum
326 3025 501 3090 diuersitati
526 3031 714 3110 praesidium
739 3033 898 3110 contingit.
942 3030 1066 3090 Etenim

162 3144 179 3184 e
200 3127 371 3190 litterarum
392 3127 485 3190 ductu
507 3129 596 3191 Guet.
621 3133 792 3194 Heeneliue
812 3133 958 3206 coniecit,
979 3131 1066 3208 Veti-

164 3243 273 3288 cunum
293 3229 431 3290 codicem
451 3231 484 3291 in
502 3232 649 3292 coenobio
664 3234 857 3294 Floriucenei
876 3231 916 3292 ad
930 3232 1066 3310 Ligerim

162 3327 307 3405 scriptum
328 3351 406 3394 ease.
438 3331 561 3412 (Leipz.
582 3333 710 3412 Repert·
723 3345 795 3398 leet
809 3335 825 3393 I
841 3353 872 3413 p.
886 3344 959 3398 ·eole
980 3332 1065 3392 Hali.

152 3427 362 3494 ·Jahrb.1eee
381 3431 527 3512 peleto.)
559 3432 628 3511 Quo
644 3435 795 3496 *coenobio
817 3453 846 3494 a.
866 3443 935 3498 1562
956 3455 975 3493 a
993 3433 1064 3494 Gal.-
