2534 3988
455 721 594 790 LIBER
610 721 778 790 PRIMVS

612 895 628 947 Ι

247 999 313 1058 Inri
331 1016 453 1077 operam
472 996 615 1074 ⁸(laturum
633 998 716 1077 prius
730 1017 821 1058 nosse
838 1007 971 1076 oportet,
989 1000 1071 1062 uude
1155 994 1158 1002 ’

122 1107 126 1114 ·
159 1103 273 1143 nomen
294 1084 370 1143 iuris
387 1081 565 1142 descendat.
603 1091 774 1158 estwautem
793 1103 812 1142 a
832 1085 949 1145 iustitia
965 1087 1071 1165 appel·

160 1169 276 1228 latum:
299 1187 385 1240 nam,
407 1175 442 1226 nt
461 1167 619 1247 eleganter
638 1165 746 1229 Celsus
762 1167 878 1244 definit,
899 1171 945 1230 ius
961 1179 1008 1230 ast
1022 1190 1071 1232 ars

133 1252 236 1323 5boni
258 1260 290 1310 et
312 1247 414 1331 aequi,
501 1251 515 1309 1
544 1251 649 1314 (iuius⁴
663 1253 772 1313 merito
795 1256 864 1338 quis
891 1274 946 1324 nos
970 1275 1071 1316 sacer·

162 1336 252 1410 dotes
267 1335 419 1413 appellat:
441 1335 587 1396 iustitiam
607 1357 740 1417 namque
762 1338 888 1410 colimus
908 1348 940 1399 et
953 1339 1025 1398 boni
1040 1350 1072 1400 et

161 1420 257 1498 aequi
277 1419 418 1478 notitiam
438 1419 622 1497 profitemur,
642 1440 774 1498 aequum
794 1420 833 1479 ab
854 1423 959 1500 iniquo
982 1442 1070 1501 sepa-

157 1513 283 1578 rantes,
309 1505 427 1564 licitum
449 1503 487 1564 ab
509 1503 618 1564 illicito
641 1504 871 1579 discernentes„
890 1505 985 1566 bonos
1008 1527 1071 1570 non

157 1589 262 1650 solum
288 1597 371 1650 metu
396 1607 579 1667 poenarum,
614 1607 720 1666 uerum
754 1590 846 1652 etiam
869 1592 1070 1670 praemiorum

115 1691 149 1743 10
158 1693 285 1755 quoqne
307 1674 518 1738 exhortatione
541 1674 664 1746 efficere
687 1674 863 1754 cupientes,
885 1695 990 1737 ueram
1009 1677 1072 1736 nisi
1129 1683 1130 1692 ’

157 1759 251 1819 fallor
264 1748 498 1837 philosophiam,
511 1779 572 1818 non
586 1758 759 1820 simulatam
774 1753 965 1840 affectantes.
1049 1757 1069 1818 2
1150 1777 1151 1782 ¹
1249 1829 1250 1836 ἵ

157 1844 262 1904 Huius
282 1843 376 1903 studii
391 1843 470 1903 duae
486 1853 557 1918 sunt
574 1845 756 1922 positionem
778 1842 937 1920 publicum
958 1853 989 1904 et
1008 1846 1070 1921 pri·

158 1936 276 1988 uatum.
318 1925 476 2005 publicum
496 1929 543 1986 ius
567 1935 622 2000 est,
645 1926 729 2004 quod
750 1925 790 1984 ad
810 1934 921 1986 statum
941 1930 987 1987 rei
1001 1929 1070 1987 tto-

159 2031 270 2078 manae
290 2011 425 2092 spectat,
446 2013 615 2089 priuatum,
630 2007 722 2090 'quod
744 2009 783 2070 ad
803 2011 991 2088 singulorum
1011 2013 1070 2071 uti-

117 2106 150 2158 15
160 2098 294 2157 litatem:
321 2106 392 2160 sunt
418 2097 499 2173 enim
520 2094 672 2176 quaedam
691 2087 816 2176 publice
844 2089 947 2173 utilia,
975 2116 1069 2175 quae-

160 2181 232 2246 dam
252 2183 411 2261 priuatim:
440 2181 598 2260 publicum
617 2182 664 2240 ius
686 2181 719 2241 in
735 2181 844 2256 sacris,
873 2182 905 2240 in
926 2179 1069 2242 sacerdo-

129 2345 130 2348 *
159 2265 251 2343 tibus,
272 2268 305 2328 in
315 2267 543 2345 magistratibus
559 2267 708 2327 constitit:
730 2267 883 2345 priuatum
897 2268 944 2327 ius
961 2267 1069 2345 triper-

160 2352 249 2410 titum
280 2362 346 2422 estz,
382 2352 545 2412 collectum
579 2352 693 2412 etenim
725 2359 772 2409 est
804 2370 844 2409 ex
878 2351 1069 2412 naturalibus

160 2438 335 2513 praeceptis
357 2445 411 2495 aut
429 2439 566 2514 gentium
584 2444 638 2493 aut
660 2433 812 2493 ciuilibus.
900 2432 918 2491 3
944 2435 998 2493 Ins
1014 2455 1070 2494 na·

116 2517 261 2581 accurate
276 2527 332 2592 est,
353 2520 436 2596 quod
448 2529 558 2578 natura
576 2518 677 2576 omnia
695 2516 840 2575 animalia
858 2513 976 2596 docuit:
998 2537 1072 2578 nam

162 2601 209 2660 ins
227 2600 310 2660 istud
326 2621 387 2661 non
402 2602 526 2661 humani
542 2601 664 2678 generis
678 2599 843 2678 proprium,
865 2600 920 2659 sed
938 2602 1071 2662 omnium

161 2685 354 2760 animalium,
377 2706 458 2765 quae
481 2687 627 2759 interra,
650 2703 731 2764 quae
750 2685 879 2744 inmari
892 2695 1069 2767 nascuntur,

212 2833 278 2876 Liber
288 2833 306 2878 Ι.
364 2833 373 2873 Ι
391 2831 416 2878 L.
429 2833 440 2873 1
461 2830 488 2873 a.
508 2833 535 2874 dc
549 2831 632 2873 iustitia
647 2838 668 2873 st
682 2831 729 2872 iura
742 2829 775 2872 11
792 2831 913 2886 ‘leisnns
926 2833 984 2876 libro
998 2836 1071 2888 primo

161 2884 338 2928 Institutionum:
356 2884 424 2929 luri¹
443 2896 464 2924 a.
481 2897 503 2936 q.
519 2895 537 2925 s.
561 2882 607 2924 lloe
621 2883 769 2937 fragmentum
783 2896 810 2924 ax
824 2883 873 2938 ipso
902 2885 1007 2939 sincipio
1017 2886 1070 2927 libri

160 2937 236 2978 desum
254 2941 300 2978 tnm
313 2935 491 2991 adprdoamium
504 2934 668 2976 institutionum
683 2935 791 2988 pertinet:
820 2946 848 2975 uo
862 2898 900 2975 Vl
908 2937 972 2976 ianus
1003 2947 1069 2978 encra

160 2987 216 3028 iuris
233 2949 366 3080 ᾅιιίιίἰοιιιιι,
386 2987 507 3042 priuatum:
528 2984 627 3028 naturale
647 2986 747 3039 gentium
761 2947 839 3046 ciniis)
862 2948 1028 3028 telnitioniius
1047 2992 1068 3026 et

159 3049 221 3078 exem
248 3051 268 3080 rs
282 3039 387 3082 inlustrat
400 3036 477 3078 1-x.
506 3035 538 3079 Cl.
554 3035 702 3078 Mcmmssnus
720 3035 836 3086 (zeitschr.
857 3035 874 3076 s.
890 3037 967 3089 gesch.
987 3035 1013 3078 R.
1028 3037 1067 3077 W.

159 3087 202 3128 xv
215 3051 263 3140 sis

228 3225 414 3280 {tautanius
432 3231 498 3296 aulo.
582 3227 612 3277 ll
633 3226 804 3278 adfectantes
823 3225 1004 3276 Hatoaadri'ao
1058 3258 1060 3262 .

160 3296 193 3346 15
205 3295 355 3346 utilitatem
372 3299 566 3364 pcrtinetaaly.
637 3297 668 3347 17
679 3296 805 3347 consistit
816 3297 879 3348 Hal.
950 3293 983 3345 18
997 3294 1067 3354 enim

158 3367 222 3416 Hal.
294 3366 326 3415 21
345 3365 399 3416 non
416 3367 503 3418 solum
519 3370 585 3434 only.
658 3367 691 3416 22
712 3381 782 3431 quae
799 3366 827 3413 in
845 3369 932 3425 terra,
951 3379 1021 3429 quae
1038 3365 1069 3413 in

159 3435 253 3511 coelo,
271 3449 341 3500 qnae
358 3435 386 3485 in
404 3438 473 3488 mari
490 3440 557 3503 aulo.
590 3450 660 3502 quae
678 3441 751 3486 terra
768 3434 888 3499 marique
904 3433 968 3485 Hal.
992 3437 1008 3508 J
1040 3459 1042 3464 ·
1071 3485 1080 3498 ,

853 3521 900 3584 6*
