<?xml version="1.0" encoding="UTF-8"?>
<!DOCTYPE html PUBLIC "-//W3C//DTD XHTML 1.0 Transitional//EN"
    "http://www.w3.org/TR/xhtml1/DTD/xhtml1-transitional.dtd">
<html xmlns="http://www.w3.org/1999/xhtml" xml:lang="en" lang="en">
 <head>
  <title>
</title>
<meta http-equiv="Content-Type" content="text/html;charset=utf-8" />
  <meta name='ocr-system' content='tesseract 3.04.00' />
  <meta name='ocr-capabilities' content='ocr_page ocr_carea ocr_par ocr_line ocrx_word'/>
</head>
<body>
  <div class='ocr_page' id='page_1' title='image "./domitiivlpianie00ulpigoog_0033.png"; bbox 0 0 2506 3980; ppageno 0'>
   <div class='ocr_carea' id='block_1_1' title="bbox 246 256 852 320">
    <p class='ocr_par' dir='ltr' id='par_1_1' title="bbox 246 256 852 320">
     <span class='ocr_line' id='line_1_1' title="bbox 246 256 852 320; baseline 0.005 -3"><span class='ocrx_word' id='word_1_1' title='bbox 246 256 283 317; x_wconf 84' lang='lat'><strong>12</strong></span> <span class='ocrx_word' id='word_1_2' title='bbox 535 267 741 314; x_wconf 73' lang='lat' dir='ltr'><strong>vnrmmm</strong></span> <span class='ocrx_word' id='word_1_3' title='bbox 763 266 852 320; x_wconf 80' lang='lat'>3—-5</span> 
     </span>
    </p>
   </div>
   <div class='ocr_carea' id='block_1_2' title="bbox 164 423 1197 2196">
    <p class='ocr_par' dir='ltr' id='par_1_2' title="bbox 164 423 1195 2030">
     <span class='ocr_line' id='line_1_2' title="bbox 244 423 1148 507; baseline -0.004 -21"><span class='ocrx_word' id='word_1_4' title='bbox 244 425 409 507; x_wconf 88' lang='lat' dir='ltr'><strong>principali</strong></span> <span class='ocrx_word' id='word_1_5' title='bbox 430 424 561 483; x_wconf 86' lang='lat' dir='ltr'><strong>Latinus</strong></span> <span class='ocrx_word' id='word_1_6' title='bbox 589 423 745 482; x_wconf 84' lang='lat' dir='ltr'><strong>ciuitatem</strong></span> <span class='ocrx_word' id='word_1_7' title='bbox 771 423 940 483; x_wconf 78' lang='lat' dir='ltr'><strong>Romanam</strong></span> <span class='ocrx_word' id='word_1_8' title='bbox 963 423 1095 501; x_wconf 61' lang='lat' dir='ltr'><strong>accipit&lt;</strong></span> <span class='ocrx_word' id='word_1_9' title='bbox 1120 423 1148 482; x_wconf 93' lang='lat' dir='ltr'><strong>si</strong></span> 
     </span>
     <span class='ocr_line' id='line_1_3' title="bbox 247 505 1147 590; baseline -0.006 -20"><span class='ocrx_word' id='word_1_10' title='bbox 247 512 285 570; x_wconf 88' lang='lat' dir='ltr'><strong>ab</strong></span> <span class='ocrx_word' id='word_1_11' title='bbox 307 512 489 590; x_wconf 79' lang='lat' dir='ltr'><strong>imperatore</strong></span> <span class='ocrx_word' id='word_1_12' title='bbox 511 507 734 586; x_wconf 81' lang='lat' dir='ltr'><strong>iusQuiritium</strong></span> <span class='ocrx_word' id='word_1_13' title='bbox 754 508 972 586; x_wconf 80' lang='lat' dir='ltr'><strong>impetrancrit.</strong></span> <span class='ocrx_word' id='word_1_14' title='bbox 1060 505 1147 566; x_wconf 89' lang='lat' dir='ltr'><strong>3Li·</strong></span> 
     </span>
     <span class='ocr_line' id='line_1_4' title="bbox 245 591 1148 672; baseline -0.006 -17"><span class='ocrx_word' id='word_1_15' title='bbox 245 595 327 655; x_wconf 88' lang='lat' dir='ltr'><strong>beris</strong></span> <span class='ocrx_word' id='word_1_16' title='bbox 348 598 395 654; x_wconf 90' lang='lat' dir='ltr'><strong>ius</strong></span> <span class='ocrx_word' id='word_1_17' title='bbox 417 593 582 672; x_wconf 74' lang='lat' dir='ltr'><strong>Quiritium</strong></span> <span class='ocrx_word' id='word_1_18' title='bbox 600 593 795 671; x_wconf 79' lang='lat' dir='ltr'><strong>consequitur</strong></span> <span class='ocrx_word' id='word_1_19' title='bbox 814 591 951 668; x_wconf 62' lang='lat' dir='ltr'><strong>Latinus</strong></span> <span class='ocrx_word' id='word_1_20' title='bbox 975 593 1028 672; x_wconf 89' lang='lat' dir='ltr'><strong>qui</strong></span> <span class='ocrx_word' id='word_1_21' title='bbox 1049 593 1148 652; x_wconf 86' lang='lat' dir='ltr'><strong>minor</strong></span> 
     </span>
     <span class='ocr_line' id='line_1_5' title="bbox 244 677 1147 758; baseline -0.006 -18"><span class='ocrx_word' id='word_1_22' title='bbox 244 681 369 758; x_wconf 81' lang='lat' dir='ltr'><strong>triginta</strong></span> <span class='ocrx_word' id='word_1_23' title='bbox 387 698 532 744; x_wconf 85' lang='lat' dir='ltr'><strong>annorum</strong></span> <span class='ocrx_word' id='word_1_24' title='bbox 548 695 641 738; x_wconf 87' lang='lat' dir='ltr'><strong>manu</strong></span> <span class='ocrx_word' id='word_1_25' title='bbox 657 677 961 756; x_wconf 81' lang='lat' dir='ltr'><strong>missionistempore</strong></span> <span class='ocrx_word' id='word_1_26' title='bbox 979 677 1052 736; x_wconf 85' lang='lat' dir='ltr'><strong>fuit:</strong></span> <span class='ocrx_word' id='word_1_27' title='bbox 1075 697 1147 736; x_wconf 87' lang='lat' dir='ltr'><strong>nam</strong></span> 
     </span>
     <span class='ocr_line' id='line_1_6' title="bbox 244 761 1193 842; baseline -0.001 -18"><span class='ocrx_word' id='word_1_28' title='bbox 244 766 314 842; x_wconf 80' lang='lat' dir='ltr'><strong>lege</strong></span> <span class='ocrx_word' id='word_1_29' title='bbox 335 765 426 824; x_wconf 89' lang='lat' dir='ltr'><strong>Iunia</strong></span> <span class='ocrx_word' id='word_1_30' title='bbox 448 773 569 833; x_wconf 87' lang='lat' dir='ltr'><strong>cautum</strong></span> <span class='ocrx_word' id='word_1_31' title='bbox 592 772 651 836; x_wconf 77' lang='lat' dir='ltr'><strong>est,</strong></span> <span class='ocrx_word' id='word_1_32' title='bbox 681 770 716 821; x_wconf 86' lang='lat' dir='ltr'><strong>ut</strong></span> <span class='ocrx_word' id='word_1_33' title='bbox 735 763 761 820; x_wconf 92' lang='lat' dir='ltr'><strong>si</strong></span> <span class='ocrx_word' id='word_1_34' title='bbox 786 763 885 822; x_wconf 86' lang='lat' dir='ltr'><strong>ciuem</strong></span> <span class='ocrx_word' id='word_1_35' title='bbox 903 763 1073 822; x_wconf 81' lang='lat' dir='ltr'><strong>Romanam</strong></span> <span class='ocrx_word' id='word_1_36' title='bbox 1093 761 1193 833; x_wconf 63' lang='lat' dir='ltr'><strong>uelo}</strong></span> 
     </span>
     <span class='ocr_line' id='line_1_7' title="bbox 244 845 1146 927; baseline -0.006 -18"><span class='ocrx_word' id='word_1_37' title='bbox 244 850 387 909; x_wconf 81' lang='lat' dir='ltr'><strong>Latinam</strong></span> <span class='ocrx_word' id='word_1_38' title='bbox 397 867 524 909; x_wconf 84' lang='lat' dir='ltr'><strong>uxorem</strong></span> <span class='ocrx_word' id='word_1_39' title='bbox 539 847 676 919; x_wconf 82' lang='lat' dir='ltr'><strong>duxerit,</strong></span> <span class='ocrx_word' id='word_1_40' title='bbox 690 848 855 907; x_wconf 81' lang='lat' dir='ltr'><strong>testatione</strong></span> <span class='ocrx_word' id='word_1_41' title='bbox 870 847 1051 926; x_wconf 88' lang='lat' dir='ltr'><strong>interposita</strong></span> <span class='ocrx_word' id='word_1_42' title='bbox 1065 845 1146 927; x_wconf 90' lang='lat' dir='ltr'><strong>quod</strong></span> 
     </span>
     <span class='ocr_line' id='line_1_8' title="bbox 244 931 1146 1012; baseline -0.006 -18"><span class='ocrx_word' id='word_1_43' title='bbox 244 933 408 995; x_wconf 86' lang='lat' dir='ltr'><strong>liberorum</strong></span> <span class='ocrx_word' id='word_1_44' title='bbox 420 932 663 1012; x_wconf 87' lang='lat' dir='ltr'><strong>quaerendorum</strong></span> <span class='ocrx_word' id='word_1_45' title='bbox 674 951 768 992; x_wconf 83' lang='lat' dir='ltr'><strong>cansa</strong></span> <span class='ocrx_word' id='word_1_46' title='bbox 778 951 905 992; x_wconf 85' lang='lat' dir='ltr'><strong>uxorem</strong></span> <span class='ocrx_word' id='word_1_47' title='bbox 917 931 1050 1006; x_wconf 84' lang='lat' dir='ltr'><strong>duxerit,</strong></span> <span class='ocrx_word' id='word_1_48' title='bbox 1062 940 1146 1010; x_wconf 90' lang='lat' dir='ltr'><strong>post·</strong></span> 
     </span>
     <span class='ocr_line' id='line_1_9' title="bbox 245 1009 1146 1095; baseline -0.006 -16"><span class='ocrx_word' id='word_1_49' title='bbox 245 1039 282 1079; x_wconf 87' lang='lat' dir='ltr'><strong>ee</strong></span> <span class='ocrx_word' id='word_1_50' title='bbox 300 1020 365 1078; x_wconf 92' lang='lat' dir='ltr'><strong>filio</strong></span> <span class='ocrx_word' id='word_1_51' title='bbox 385 1019 490 1078; x_wconf 83' lang='lat' dir='ltr'><strong>filiano</strong></span> <span class='ocrx_word' id='word_1_52' title='bbox 511 1027 583 1077; x_wconf 84' lang='lat' dir='ltr'><strong>nato</strong></span> <span class='ocrx_word' id='word_1_53' title='bbox 608 1026 723 1082; x_wconf 86' lang='lat' dir='ltr'><strong>nataue</strong></span> <span class='ocrx_word' id='word_1_54' title='bbox 745 1009 778 1076; x_wconf 65' lang='lat' dir='ltr'><strong>et&#39;</strong></span> <span class='ocrx_word' id='word_1_55' title='bbox 796 1017 940 1077; x_wconf 82' lang='lat' dir='ltr'><strong>anniculo</strong></span> <span class='ocrx_word' id='word_1_56' title='bbox 960 1017 1058 1090; x_wconf 80' lang='lat' dir='ltr'><strong>facto,</strong></span> <span class='ocrx_word' id='word_1_57' title='bbox 1077 1035 1146 1095; x_wconf 90' lang='lat' dir='ltr'><strong>pos-</strong></span> 
     </span>
     <span class='ocr_line' id='line_1_10' title="bbox 171 1101 1147 1183; baseline -0.007 -17"><span class='ocrx_word' id='word_1_58' title='bbox 171 1149 175 1167; x_wconf 92' lang='lat'>.</span> <span class='ocrx_word' id='word_1_59' title='bbox 245 1106 285 1164; x_wconf 89' lang='lat' dir='ltr'><strong>sit</strong></span> <span class='ocrx_word' id='word_1_60' title='bbox 311 1103 394 1183; x_wconf 80' lang='lat' dir='ltr'><strong>apud</strong></span> <span class='ocrx_word' id='word_1_61' title='bbox 413 1111 585 1182; x_wconf 84' lang='lat' dir='ltr'><strong>praetorem</strong></span> <span class='ocrx_word' id='word_1_62' title='bbox 606 1103 659 1162; x_wconf 88' lang='lat' dir='ltr'><strong>nel</strong></span> <span class='ocrx_word' id='word_1_63' title='bbox 679 1101 852 1181; x_wconf 86' lang='lat' dir='ltr'><strong>praesidem</strong></span> <span class='ocrx_word' id='word_1_64' title='bbox 872 1102 1052 1181; x_wconf 86' lang='lat' dir='ltr'><strong>prouinciae</strong></span> <span class='ocrx_word' id='word_1_65' title='bbox 1076 1119 1147 1159; x_wconf 85' lang='lat' dir='ltr'><strong>eau-</strong></span> 
     </span>
     <span class='ocr_line' id='line_1_11' title="bbox 245 1187 1193 1269; baseline -0.003 -20"><span class='ocrx_word' id='word_1_66' title='bbox 245 1207 310 1249; x_wconf 87' lang='lat' dir='ltr'><strong>sam</strong></span> <span class='ocrx_word' id='word_1_67' title='bbox 330 1187 474 1269; x_wconf 84' lang='lat' dir='ltr'><strong>probare,</strong></span> <span class='ocrx_word' id='word_1_68' title='bbox 498 1196 529 1246; x_wconf 91' lang='lat' dir='ltr'><strong>et</strong></span> <span class='ocrx_word' id='word_1_69' title='bbox 548 1188 614 1246; x_wconf 86' lang='lat' dir='ltr'><strong>fieni</strong></span> <span class='ocrx_word' id='word_1_70' title='bbox 631 1187 715 1246; x_wconf 85' lang='lat' dir='ltr'><strong>ciues</strong></span> <span class='ocrx_word' id='word_1_71' title='bbox 735 1187 865 1246; x_wconf 87' lang='lat' dir='ltr'><strong>Romani</strong></span> <span class='ocrx_word' id='word_1_72' title='bbox 885 1196 948 1246; x_wconf 87' lang='lat' dir='ltr'><strong>tam</strong></span> <span class='ocrx_word' id='word_1_73' title='bbox 968 1187 1034 1265; x_wconf 89' lang='lat' dir='ltr'><strong>ipse</strong></span> <span class='ocrx_word' id='word_1_74' title='bbox 1057 1194 1193 1264; x_wconf 87' lang='lat' dir='ltr'><strong>quam10</strong></span> 
     </span>
     <span class='ocr_line' id='line_1_12' title="bbox 244 1269 1149 1349; baseline -0.004 -17"><span class='ocrx_word' id='word_1_75' title='bbox 244 1274 326 1334; x_wconf 87' lang='lat' dir='ltr'><strong>filins</strong></span> <span class='ocrx_word' id='word_1_76' title='bbox 344 1274 451 1334; x_wconf 87' lang='lat' dir='ltr'><strong>filiano</strong></span> <span class='ocrx_word' id='word_1_77' title='bbox 471 1273 537 1332; x_wconf 85' lang='lat' dir='ltr'><strong>eius</strong></span> <span class='ocrx_word' id='word_1_78' title='bbox 558 1281 589 1332; x_wconf 90' lang='lat' dir='ltr'><strong>et</strong></span> <span class='ocrx_word' id='word_1_79' title='bbox 605 1291 696 1330; x_wconf 80' lang='lat' dir='ltr'><strong>uxor:</strong></span> <span class='ocrx_word' id='word_1_80' title='bbox 721 1271 841 1330; x_wconf 87' lang='lat' dir='ltr'><strong>scilicet</strong></span> <span class='ocrx_word' id='word_1_81' title='bbox 860 1271 885 1330; x_wconf 89' lang='lat' dir='ltr'><strong>si</strong></span> <span class='ocrx_word' id='word_1_82' title='bbox 905 1280 936 1330; x_wconf 84' lang='lat' dir='ltr'><strong>et</strong></span> <span class='ocrx_word' id='word_1_83' title='bbox 953 1272 1022 1349; x_wconf 82' lang='lat' dir='ltr'><strong>ipsc</strong></span> <span class='ocrx_word' id='word_1_84' title='bbox 1034 1269 1149 1330; x_wconf 86' lang='lat' dir='ltr'><strong>Latina</strong></span> 
     </span>
     <span class='ocr_line' id='line_1_13' title="bbox 245 1352 1150 1434; baseline -0.004 -16"><span class='ocrx_word' id='word_1_85' title='bbox 245 1359 301 1418; x_wconf 86' lang='lat' dir='ltr'><strong>sit:</strong></span> <span class='ocrx_word' id='word_1_86' title='bbox 322 1379 394 1419; x_wconf 92' lang='lat' dir='ltr'><strong>nam</strong></span> <span class='ocrx_word' id='word_1_87' title='bbox 416 1358 443 1417; x_wconf 91' lang='lat' dir='ltr'><strong>si</strong></span> <span class='ocrx_word' id='word_1_88' title='bbox 464 1352 542 1416; x_wconf 80' lang='lat' dir='ltr'><strong>uxo&#39;r</strong></span> <span class='ocrx_word' id='word_1_89' title='bbox 566 1357 642 1424; x_wconf 83' lang='lat' dir='ltr'><strong>ciuis</strong></span> <span class='ocrx_word' id='word_1_90' title='bbox 662 1357 802 1415; x_wconf 87' lang='lat' dir='ltr'><strong>Romana</strong></span> <span class='ocrx_word' id='word_1_91' title='bbox 824 1356 878 1429; x_wconf 86' lang='lat' dir='ltr'><strong>sit,</strong></span> <span class='ocrx_word' id='word_1_92' title='bbox 900 1364 1006 1434; x_wconf 82' lang='lat' dir='ltr'><strong>partus</strong></span> <span class='ocrx_word' id='word_1_93' title='bbox 1027 1373 1150 1434; x_wconf 87' lang='lat' dir='ltr'><strong>quoque</strong></span> 
     </span>
     <span class='ocr_line' id='line_1_14' title="bbox 164 1433 1150 1520; baseline -0.005 -17"><span class='ocrx_word' id='word_1_94' title='bbox 164 1433 174 1452; x_wconf 73' lang='lat'>⁴</span> <span class='ocrx_word' id='word_1_95' title='bbox 209 1497 215 1514; x_wconf 86' lang='lat'><em>,</em></span> <span class='ocrx_word' id='word_1_96' title='bbox 245 1444 321 1504; x_wconf 87' lang='lat' dir='ltr'><strong>ciuis</strong></span> <span class='ocrx_word' id='word_1_97' title='bbox 333 1444 491 1503; x_wconf 78' lang='lat' dir='ltr'><strong>Romanus</strong></span> <span class='ocrx_word' id='word_1_98' title='bbox 503 1450 550 1502; x_wconf 89' lang='lat' dir='ltr'><strong>ost</strong></span> <span class='ocrx_word' id='word_1_99' title='bbox 568 1461 608 1502; x_wconf 85' lang='lat' dir='ltr'><strong>ex</strong></span> <span class='ocrx_word' id='word_1_100' title='bbox 622 1449 746 1500; x_wconf 84' lang='lat' dir='ltr'><strong>senatos</strong></span> <span class='ocrx_word' id='word_1_101' title='bbox 764 1441 911 1515; x_wconf 86' lang='lat' dir='ltr'><strong>consulto,</strong></span> <span class='ocrx_word' id='word_1_102' title='bbox 927 1438 1010 1520; x_wconf 84' lang='lat' dir='ltr'><strong>quod</strong></span> <span class='ocrx_word' id='word_1_103' title='bbox 1025 1449 1150 1499; x_wconf 90' lang='lat' dir='ltr'><strong>auctore</strong></span> 
     </span>
     <span class='ocr_line' id='line_1_15' title="bbox 244 1525 1150 1588; baseline -0.006 -1"><span class='ocrx_word' id='word_1_104' title='bbox 244 1527 316 1588; x_wconf 78' lang='lat' dir='ltr'><strong>dito</strong></span> <span class='ocrx_word' id='word_1_105' title='bbox 336 1527 474 1587; x_wconf 83' lang='lat' dir='ltr'><strong>Adriano</strong></span> <span class='ocrx_word' id='word_1_106' title='bbox 496 1528 696 1586; x_wconf 83' lang='lat' dir='ltr'><strong>factumest.</strong></span> <span class='ocrx_word' id='word_1_107' title='bbox 789 1525 808 1584; x_wconf 87' lang='grc'><strong>4</strong></span> <span class='ocrx_word' id='word_1_108' title='bbox 831 1527 1000 1586; x_wconf 89' lang='lat' dir='ltr'><strong>Iteratione</strong></span> <span class='ocrx_word' id='word_1_109' title='bbox 1019 1525 1054 1583; x_wconf 90' lang='lat' dir='ltr'><strong>fit</strong></span> <span class='ocrx_word' id='word_1_110' title='bbox 1073 1525 1150 1583; x_wconf 88' lang='lat' dir='ltr'><strong>einis</strong></span> 
     </span>
     <span class='ocr_line' id='line_1_16' title="bbox 243 1611 1195 1694; baseline -0.008 -22"><span class='ocrx_word' id='word_1_111' title='bbox 243 1614 416 1686; x_wconf 88' lang='lat' dir='ltr'><strong>Romanus,</strong></span> <span class='ocrx_word' id='word_1_112' title='bbox 445 1613 498 1694; x_wconf 91' lang='lat' dir='ltr'><strong>qui</strong></span> <span class='ocrx_word' id='word_1_113' title='bbox 518 1621 588 1689; x_wconf 91' lang='lat' dir='ltr'><strong>post</strong></span> <span class='ocrx_word' id='word_1_114' title='bbox 615 1611 830 1684; x_wconf 84' lang='lat' dir='ltr'><strong>Latinitatem,</strong></span> <span class='ocrx_word' id='word_1_115' title='bbox 862 1629 953 1689; x_wconf 87' lang='lat' dir='ltr'><strong>quam</strong></span> <span class='ocrx_word' id='word_1_116' title='bbox 976 1617 1149 1688; x_wconf 88' lang='lat' dir='ltr'><strong>acceperat,</strong></span> <span class='ocrx_word' id='word_1_117' title='bbox 1161 1613 1195 1664; x_wconf 80' lang='lat'><strong>15</strong></span> 
     </span>
     <span class='ocr_line' id='line_1_17' title="bbox 244 1695 1151 1773; baseline -0.004 -17"><span class='ocrx_word' id='word_1_118' title='bbox 244 1697 341 1756; x_wconf 81' lang='lat' dir='ltr'><strong>maior</strong></span> <span class='ocrx_word' id='word_1_119' title='bbox 363 1697 489 1773; x_wconf 79' lang='lat' dir='ltr'><strong>triginta</strong></span> <span class='ocrx_word' id='word_1_120' title='bbox 509 1715 672 1767; x_wconf 88' lang='lat' dir='ltr'><strong>annorum,</strong></span> <span class='ocrx_word' id='word_1_121' title='bbox 694 1696 803 1754; x_wconf 86' lang='lat' dir='ltr'><strong>iterum</strong></span> <span class='ocrx_word' id='word_1_122' title='bbox 825 1695 906 1754; x_wconf 88' lang='lat' dir='ltr'><strong>iuste</strong></span> <span class='ocrx_word' id='word_1_123' title='bbox 927 1713 1020 1753; x_wconf 86' lang='lat' dir='ltr'><strong>mann</strong></span> <span class='ocrx_word' id='word_1_124' title='bbox 1040 1695 1151 1753; x_wconf 86' lang='lat' dir='ltr'><strong>missus</strong></span> 
     </span>
     <span class='ocr_line' id='line_1_18' title="bbox 246 1777 1150 1856; baseline -0.003 -17"><span class='ocrx_word' id='word_1_125' title='bbox 246 1791 293 1841; x_wconf 86' lang='lat' dir='ltr'><strong>est</strong></span> <span class='ocrx_word' id='word_1_126' title='bbox 320 1779 359 1838; x_wconf 92' lang='lat' dir='ltr'><strong>ab</strong></span> <span class='ocrx_word' id='word_1_127' title='bbox 389 1799 440 1854; x_wconf 89' lang='lat' dir='ltr'><strong>eo,</strong></span> <span class='ocrx_word' id='word_1_128' title='bbox 477 1781 562 1840; x_wconf 80' lang='lat' dir='ltr'><strong>&#39;cuius</strong></span> <span class='ocrx_word' id='word_1_129' title='bbox 591 1798 631 1838; x_wconf 84' lang='lat' dir='ltr'><strong>ex</strong></span> <span class='ocrx_word' id='word_1_130' title='bbox 660 1779 726 1838; x_wconf 90' lang='lat' dir='ltr'><strong>iure</strong></span> <span class='ocrx_word' id='word_1_131' title='bbox 756 1777 922 1856; x_wconf 79' lang='lat' dir='ltr'><strong>Qniritium</strong></span> <span class='ocrx_word' id='word_1_132' title='bbox 946 1799 1053 1839; x_wconf 86' lang='lat' dir='ltr'><strong>seruus</strong></span> <span class='ocrx_word' id='word_1_133' title='bbox 1081 1778 1150 1837; x_wconf 80' lang='lat' dir='ltr'><strong>fuit.</strong></span> 
     </span>
     <span class='ocr_line' id='line_1_19' title="bbox 244 1863 1152 1938; baseline -0.006 -12"><span class='ocrx_word' id='word_1_134' title='bbox 244 1863 300 1926; x_wconf 88' lang='lat' dir='ltr'><strong>sed</strong></span> <span class='ocrx_word' id='word_1_135' title='bbox 321 1864 393 1924; x_wconf 86' lang='lat' dir='ltr'><strong>hnic</strong></span> <span class='ocrx_word' id='word_1_136' title='bbox 410 1884 589 1925; x_wconf 89' lang='lat' dir='ltr'><strong>concessum</strong></span> <span class='ocrx_word' id='word_1_137' title='bbox 610 1872 664 1938; x_wconf 87' lang='lat' dir='ltr'><strong>est,</strong></span> <span class='ocrx_word' id='word_1_138' title='bbox 689 1881 728 1923; x_wconf 85' lang='lat' dir='ltr'><strong>ex</strong></span> <span class='ocrx_word' id='word_1_139' title='bbox 750 1873 874 1924; x_wconf 88' lang='lat' dir='ltr'><strong>senatus</strong></span> <span class='ocrx_word' id='word_1_140' title='bbox 898 1865 1037 1924; x_wconf 82' lang='lat' dir='ltr'><strong>consultu</strong></span> <span class='ocrx_word' id='word_1_141' title='bbox 1059 1864 1152 1923; x_wconf 88' lang='lat' dir='ltr'><strong>ctiam</strong></span> 
     </span>
     <span class='ocr_line' id='line_1_20' title="bbox 244 1947 789 2030; baseline -0.004 -21"><span class='ocrx_word' id='word_1_142' title='bbox 244 1950 349 2010; x_wconf 87' lang='lat' dir='ltr'><strong>liberis</strong></span> <span class='ocrx_word' id='word_1_143' title='bbox 376 1947 422 2010; x_wconf 89' lang='lat' dir='ltr'><strong>ius</strong></span> <span class='ocrx_word' id='word_1_144' title='bbox 445 1949 610 2028; x_wconf 80' lang='lat' dir='ltr'><strong>Quiritium</strong></span> <span class='ocrx_word' id='word_1_145' title='bbox 633 1950 789 2030; x_wconf 83' lang='lat' dir='ltr'><strong>consequi.</strong></span> 
     </span>
    </p>

    <p class='ocr_par' dir='ltr' id='par_1_3' title="bbox 244 2024 1197 2196">
     <span class='ocr_line' id='line_1_21' title="bbox 296 2024 1197 2112; baseline 0 -18"><span class='ocrx_word' id='word_1_146' title='bbox 296 2024 350 2094; x_wconf 66' lang='lat'><strong>¹5</strong></span> <span class='ocrx_word' id='word_1_147' title='bbox 371 2035 487 2096; x_wconf 83' lang='lat' dir='ltr'><strong>Militia</strong></span> <span class='ocrx_word' id='word_1_148' title='bbox 505 2033 552 2094; x_wconf 88' lang='lat' dir='ltr'><strong>ius</strong></span> <span class='ocrx_word' id='word_1_149' title='bbox 566 2033 733 2112; x_wconf 76' lang='lat' dir='ltr'><strong>Qniritium</strong></span> <span class='ocrx_word' id='word_1_150' title='bbox 751 2035 867 2112; x_wconf 82' lang='lat' dir='ltr'><strong>accipit</strong></span> <span class='ocrx_word' id='word_1_151' title='bbox 876 2033 1015 2104; x_wconf 84' lang='lat' dir='ltr'><strong>Latinus,</strong></span> <span class='ocrx_word' id='word_1_152' title='bbox 1036 2031 1062 2110; x_wconf 81' lang='lat' dir='ltr'><strong>si</strong></span> <span class='ocrx_word' id='word_1_153' title='bbox 1071 2031 1153 2090; x_wconf 87' lang='lat' dir='ltr'><strong>inter</strong></span> <span class='ocrx_word' id='word_1_154' title='bbox 1161 2043 1197 2094; x_wconf 82' lang='lat'><strong>20</strong></span> 
     </span>
     <span class='ocr_line' id='line_1_22' title="bbox 244 2116 1151 2196; baseline -0.004 -19"><span class='ocrx_word' id='word_1_155' title='bbox 244 2120 357 2196; x_wconf 84' lang='lat' dir='ltr'><strong>uigiles</strong></span> <span class='ocrx_word' id='word_1_156' title='bbox 374 2120 492 2178; x_wconf 79' lang='lat' dir='ltr'><strong>Romae</strong></span> <span class='ocrx_word' id='word_1_157' title='bbox 520 2138 575 2178; x_wconf 85' lang='lat' dir='ltr'><strong>sex</strong></span> <span class='ocrx_word' id='word_1_158' title='bbox 601 2119 690 2177; x_wconf 87' lang='lat' dir='ltr'><strong>annis</strong></span> <span class='ocrx_word' id='word_1_159' title='bbox 712 2119 905 2192; x_wconf 86' lang='lat' dir='ltr'><strong>militauerit,</strong></span> <span class='ocrx_word' id='word_1_160' title='bbox 937 2136 976 2176; x_wconf 85' lang='lat' dir='ltr'><strong>cx</strong></span> <span class='ocrx_word' id='word_1_161' title='bbox 1001 2116 1073 2192; x_wconf 87' lang='lat' dir='ltr'><strong>lege</strong></span> <span class='ocrx_word' id='word_1_162' title='bbox 1096 2116 1151 2176; x_wconf 87' lang='lat' dir='ltr'><strong>Vi-</strong></span> 
     </span>
    </p>
   </div>
   <div class='ocr_carea' id='block_1_3' title="bbox 240 2299 1185 3556">
    <p class='ocr_par' dir='ltr' id='par_1_4' title="bbox 240 2299 1185 3556">
     <span class='ocr_line' id='line_1_23' title="bbox 244 2299 1152 2365; baseline -0.002 -14"><span class='ocrx_word' id='word_1_163' title='bbox 244 2302 282 2352; x_wconf 84' lang='lat' dir='ltr'><strong>sit</strong></span> <span class='ocrx_word' id='word_1_164' title='bbox 298 2305 341 2350; x_wconf 86' lang='lat' dir='ltr'><strong>ter</strong></span> <span class='ocrx_word' id='word_1_165' title='bbox 351 2301 431 2350; x_wconf 82' lang='lat' dir='ltr'><strong>enixa</strong></span> <span class='ocrx_word' id='word_1_166' title='bbox 441 2302 482 2350; x_wconf 86' lang='lat' dir='ltr'><strong>ed.</strong></span> <span class='ocrx_word' id='word_1_167' title='bbox 499 2303 581 2364; x_wconf 74' lang='lat' dir='ltr'><strong>princ.</strong></span> <span class='ocrx_word' id='word_1_168' title='bbox 600 2299 683 2365; x_wconf 78' lang='lat' dir='ltr'><strong>uulgo</strong></span> <span class='ocrx_word' id='word_1_169' title='bbox 695 2315 765 2365; x_wconf 84' lang='lat' dir='ltr'><strong>quae</strong></span> <span class='ocrx_word' id='word_1_170' title='bbox 777 2300 814 2350; x_wconf 81' lang='lat' dir='ltr'><strong>sit</strong></span> <span class='ocrx_word' id='word_1_171' title='bbox 824 2305 867 2350; x_wconf 83' lang='lat' dir='ltr'><strong>ter</strong></span> <span class='ocrx_word' id='word_1_172' title='bbox 882 2301 964 2350; x_wconf 84' lang='lat' dir='ltr'><strong>enixa</strong></span> <span class='ocrx_word' id='word_1_173' title='bbox 975 2301 1113 2351; x_wconf 71' lang='grc' dir='ltr'><strong>Οιιίαοίαπα</strong></span> <span class='ocrx_word' id='word_1_174' title='bbox 1127 2301 1152 2349; x_wconf 82' lang='lat' dir='ltr'><strong>b.</strong></span> 
     </span>
     <span class='ocr_line' id='line_1_24' title="bbox 244 2369 1185 2437; baseline -0.005 -15"><span class='ocrx_word' id='word_1_175' title='bbox 244 2372 328 2437; x_wconf 85' lang='lat' dir='ltr'><strong>(soto)</strong></span> <span class='ocrx_word' id='word_1_176' title='bbox 350 2369 500 2420; x_wconf 79' lang='lat' dir='ltr'><strong>Volusiano</strong></span> <span class='ocrx_word' id='word_1_177' title='bbox 525 2384 596 2435; x_wconf 84' lang='lat' dir='ltr'><strong>quae</strong></span> <span class='ocrx_word' id='word_1_178' title='bbox 618 2369 655 2418; x_wconf 82' lang='lat' dir='ltr'><strong>sit</strong></span> <span class='ocrx_word' id='word_1_179' title='bbox 679 2374 721 2419; x_wconf 86' lang='lat' dir='ltr'><strong>ter</strong></span> <span class='ocrx_word' id='word_1_180' title='bbox 738 2370 819 2428; x_wconf 83' lang='lat' dir='ltr'><strong>enixa</strong></span> <span class='ocrx_word' id='word_1_181' title='bbox 837 2369 955 2420; x_wconf 78' lang='lat' dir='ltr'><strong>Sauinirs</strong></span> <span class='ocrx_word' id='word_1_182' title='bbox 976 2369 1061 2434; x_wconf 77' lang='lat' dir='ltr'><strong>(Hau.</strong></span> <span class='ocrx_word' id='word_1_183' title='bbox 1081 2369 1153 2434; x_wconf 68' lang='lat' dir='ltr'><em>Ally.</em></span> <span class='ocrx_word' id='word_1_184' title='bbox 1182 2423 1185 2435; x_wconf 47' lang='grc' dir='ltr'>Ι</span> 
     </span>
     <span class='ocr_line' id='line_1_25' title="bbox 244 2437 1154 2503; baseline -0.003 -12"><span class='ocrx_word' id='word_1_185' title='bbox 244 2442 307 2492; x_wconf 69' lang='lat' dir='ltr'><strong>Lite.</strong></span> <span class='ocrx_word' id='word_1_186' title='bbox 327 2440 392 2490; x_wconf 80' lang='lat' dir='ltr'><strong>Zeit.</strong></span> <span class='ocrx_word' id='word_1_187' title='bbox 412 2441 483 2490; x_wconf 79' lang='lat'><em>1812</em></span> <span class='ocrx_word' id='word_1_188' title='bbox 501 2439 535 2488; x_wconf 91' lang='grc' dir='ltr'><strong>ΙΙ</strong></span> <span class='ocrx_word' id='word_1_189' title='bbox 550 2438 604 2502; x_wconf 86' lang='grc'>71).</span> <span class='ocrx_word' id='word_1_190' title='bbox 625 2437 708 2503; x_wconf 80' lang='lat' dir='ltr'><strong>uulgo</strong></span> <span class='ocrx_word' id='word_1_191' title='bbox 732 2439 886 2503; x_wconf 85' lang='lat' dir='ltr'><strong>quaesitum</strong></span> <span class='ocrx_word' id='word_1_192' title='bbox 911 2440 992 2490; x_wconf 77' lang='lat' dir='ltr'><strong>enixa</strong></span> <span class='ocrx_word' id='word_1_193' title='bbox 1009 2438 1154 2490; x_wconf 63' lang='lat' dir='ltr'><strong>Lachann-</strong></span> 
     </span>
     <span class='ocr_line' id='line_1_26' title="bbox 242 2505 1154 2575; baseline -0.001 -16"><span class='ocrx_word' id='word_1_194' title='bbox 242 2525 298 2560; x_wconf 63' lang='grc' dir='ltr'><strong>ηας.</strong></span> <span class='ocrx_word' id='word_1_195' title='bbox 322 2508 418 2559; x_wconf 88' lang='lat' dir='ltr'><strong>mulier</strong></span> <span class='ocrx_word' id='word_1_196' title='bbox 436 2509 526 2575; x_wconf 82' lang='lat' dir='ltr'><strong>(uirgo</strong></span> <span class='ocrx_word' id='word_1_197' title='bbox 543 2505 640 2569; x_wconf 73' lang='lat' dir='ltr'><strong>Setis.)</strong></span> <span class='ocrx_word' id='word_1_198' title='bbox 666 2523 736 2572; x_wconf 83' lang='lat' dir='ltr'><strong>qnae</strong></span> <span class='ocrx_word' id='word_1_199' title='bbox 760 2508 797 2558; x_wconf 91' lang='lat' dir='ltr'><strong>sit</strong></span> <span class='ocrx_word' id='word_1_200' title='bbox 819 2513 861 2558; x_wconf 85' lang='lat' dir='ltr'><strong>ter</strong></span> <span class='ocrx_word' id='word_1_201' title='bbox 879 2507 961 2558; x_wconf 79' lang='lat' dir='ltr'><strong>enixa</strong></span> <span class='ocrx_word' id='word_1_202' title='bbox 976 2507 1154 2560; x_wconf 54' lang='lat' dir='ltr'><strong>Harmatos</strong></span> 
     </span>
     <span class='ocr_line' id='line_1_27' title="bbox 244 2575 1153 2647; baseline -0.001 -19"><span class='ocrx_word' id='word_1_203' title='bbox 244 2575 770 2647; x_wconf 67' lang='lat' dir='ltr'><strong>(Leipz.Repert.1843IIIp.103)</strong></span> <span class='ocrx_word' id='word_1_204' title='bbox 863 2579 957 2628; x_wconf 69' lang='lat' dir='ltr'><strong>boine</strong></span> <span class='ocrx_word' id='word_1_205' title='bbox 979 2579 1039 2628; x_wconf 81' lang='lat' dir='ltr'><strong>Vnt.</strong></span> <span class='ocrx_word' id='word_1_206' title='bbox 1136 2576 1153 2627; x_wconf 85' lang='lat'>6</span> 
     </span>
     <span class='ocr_line' id='line_1_28' title="bbox 242 2646 1154 2712; baseline -0.001 -15"><span class='ocrx_word' id='word_1_207' title='bbox 242 2647 393 2699; x_wconf 70' lang='lat' dir='ltr'><strong>testatione</strong></span> <span class='ocrx_word' id='word_1_208' title='bbox 419 2650 482 2712; x_wconf 82' lang='lat' dir='ltr'><strong>Vnt.</strong></span> <span class='ocrx_word' id='word_1_209' title='bbox 558 2646 671 2698; x_wconf 75' lang='lat' dir='ltr'><strong>rduxit</strong></span> <span class='ocrx_word' id='word_1_210' title='bbox 692 2648 752 2697; x_wconf 67' lang='grc' dir='ltr'><strong>ναι.</strong></span> <span class='ocrx_word' id='word_1_211' title='bbox 831 2647 933 2698; x_wconf 80' lang='lat' dir='ltr'><strong>8natu</strong></span> <span class='ocrx_word' id='word_1_212' title='bbox 954 2648 1015 2697; x_wconf 80' lang='lat' dir='ltr'><strong>Vat.</strong></span> <span class='ocrx_word' id='word_1_213' title='bbox 1087 2660 1154 2696; x_wconf 85' lang='lat' dir='ltr'><strong>ane-</strong></span> 
     </span>
     <span class='ocr_line' id='line_1_29' title="bbox 244 2715 1153 2780; baseline -0.007 -13"><span class='ocrx_word' id='word_1_214' title='bbox 244 2715 314 2767; x_wconf 89' lang='lat' dir='ltr'><strong>cnllo</strong></span> <span class='ocrx_word' id='word_1_215' title='bbox 333 2718 393 2767; x_wconf 74' lang='lat' dir='ltr'><strong>Vnt.</strong></span> <span class='ocrx_word' id='word_1_216' title='bbox 479 2716 664 2780; x_wconf 82' lang='lat' dir='ltr'><strong>9pronintiao</strong></span> <span class='ocrx_word' id='word_1_217' title='bbox 688 2719 749 2766; x_wconf 80' lang='lat' dir='ltr'><strong>Vnt.</strong></span> <span class='ocrx_word' id='word_1_218' title='bbox 825 2732 936 2768; x_wconf 84' lang='lat' dir='ltr'><strong>oausam</strong></span> <span class='ocrx_word' id='word_1_219' title='bbox 954 2717 1013 2769; x_wconf 80' lang='lat' dir='ltr'><strong>cdd.</strong></span> <span class='ocrx_word' id='word_1_220' title='bbox 1029 2730 1082 2764; x_wconf 82' lang='lat' dir='ltr'><strong>oum</strong></span> <span class='ocrx_word' id='word_1_221' title='bbox 1099 2723 1153 2764; x_wconf 82' lang='lat' dir='ltr'><strong>not.</strong></span> 
     </span>
     <span class='ocr_line' id='line_1_30' title="bbox 244 2783 1154 2849; baseline -0.005 -13"><span class='ocrx_word' id='word_1_222' title='bbox 244 2786 298 2836; x_wconf 80' lang='lat' dir='ltr'><strong>Gai.</strong></span> <span class='ocrx_word' id='word_1_223' title='bbox 314 2785 451 2836; x_wconf 65' lang='lat' dir='ltr'><strong>Graeciano</strong></span> <span class='ocrx_word' id='word_1_224' title='bbox 464 2785 489 2835; x_wconf 85' lang='lat' dir='ltr'><strong>b.</strong></span> <span class='ocrx_word' id='word_1_225' title='bbox 509 2799 593 2834; x_wconf 84' lang='lat' dir='ltr'><strong>cansa</strong></span> <span class='ocrx_word' id='word_1_226' title='bbox 609 2787 668 2836; x_wconf 75' lang='lat' dir='ltr'><strong>Vnt.</strong></span> <span class='ocrx_word' id='word_1_227' title='bbox 685 2787 725 2836; x_wconf 81' lang='lat' dir='ltr'><strong>ed.</strong></span> <span class='ocrx_word' id='word_1_228' title='bbox 737 2787 820 2849; x_wconf 79' lang='lat' dir='ltr'><strong>princ.</strong></span> <span class='ocrx_word' id='word_1_229' title='bbox 892 2785 925 2837; x_wconf 81' lang='lat'><strong>10</strong></span> <span class='ocrx_word' id='word_1_230' title='bbox 936 2785 1016 2835; x_wconf 47' lang='lat' dir='ltr'><strong>*cinos</strong></span> <span class='ocrx_word' id='word_1_231' title='bbox 1035 2783 1154 2836; x_wconf 84' lang='lat' dir='ltr'><strong>Romani</strong></span> 
     </span>
     <span class='ocr_line' id='line_1_31' title="bbox 243 2852 1153 2920; baseline -0.002 -17"><span class='ocrx_word' id='word_1_232' title='bbox 243 2853 418 2904; x_wconf 66' lang='lat' dir='ltr'><strong>hartmannus</strong></span> <span class='ocrx_word' id='word_1_233' title='bbox 436 2852 511 2915; x_wconf 84' lang='lat' dir='ltr'><strong>(conl.</strong></span> <span class='ocrx_word' id='word_1_234' title='bbox 531 2855 581 2904; x_wconf 80' lang='lat' dir='ltr'><strong>Gai</strong></span> <span class='ocrx_word' id='word_1_235' title='bbox 596 2853 616 2901; x_wconf 97' lang='grc' dir='ltr'><em>Ι</em></span> <span class='ocrx_word' id='word_1_236' title='bbox 629 2853 685 2920; x_wconf 81' lang='lat'><strong>29).</strong></span> <span class='ocrx_word' id='word_1_237' title='bbox 705 2855 792 2905; x_wconf 88' lang='lat' dir='ltr'><strong>cinem</strong></span> <span class='ocrx_word' id='word_1_238' title='bbox 804 2853 918 2904; x_wconf 76' lang='lat' dir='ltr'><strong>romanii</strong></span> <span class='ocrx_word' id='word_1_239' title='bbox 939 2856 999 2904; x_wconf 82' lang='lat' dir='ltr'><strong>Vct.</strong></span> <span class='ocrx_word' id='word_1_240' title='bbox 1014 2855 1054 2905; x_wconf 84' lang='lat' dir='ltr'><strong>ed.</strong></span> <span class='ocrx_word' id='word_1_241' title='bbox 1067 2856 1153 2916; x_wconf 61' lang='lat' dir='ltr'><strong>princ.</strong></span> 
     </span>
     <span class='ocr_line' id='line_1_32' title="bbox 244 2922 1153 2975; baseline -0.002 -1"><span class='ocrx_word' id='word_1_242' title='bbox 244 2925 312 2974; x_wconf 87' lang='lat' dir='ltr'><strong>cinis</strong></span> <span class='ocrx_word' id='word_1_243' title='bbox 336 2923 474 2974; x_wconf 82' lang='lat' dir='ltr'><strong>Romanus</strong></span> <span class='ocrx_word' id='word_1_244' title='bbox 499 2922 648 2974; x_wconf 76' lang='lat' dir='ltr'><strong>Charondae</strong></span> <span class='ocrx_word' id='word_1_245' title='bbox 736 2925 769 2974; x_wconf 85' lang='lat'><strong>12</strong></span> <span class='ocrx_word' id='word_1_246' title='bbox 783 2923 835 2975; x_wconf 74' lang='lat'><strong>‚13</strong></span> <span class='ocrx_word' id='word_1_247' title='bbox 862 2923 936 2974; x_wconf 86' lang='lat' dir='ltr'><strong>ciues</strong></span> <span class='ocrx_word' id='word_1_248' title='bbox 966 2926 1027 2974; x_wconf 75' lang='lat' dir='ltr'><strong>Vas.</strong></span> <span class='ocrx_word' id='word_1_249' title='bbox 1119 2923 1153 2973; x_wconf 83' lang='lat'><strong>13</strong></span> 
     </span>
     <span class='ocr_line' id='line_1_33' title="bbox 244 2991 1154 3056; baseline -0.004 -12"><span class='ocrx_word' id='word_1_250' title='bbox 244 2993 372 3056; x_wconf 74' lang='lat' dir='ltr'><strong>consultu</strong></span> <span class='ocrx_word' id='word_1_251' title='bbox 388 2994 450 3043; x_wconf 81' lang='lat' dir='ltr'><strong>Vat.</strong></span> <span class='ocrx_word' id='word_1_252' title='bbox 527 2993 560 3042; x_wconf 86' lang='grc'><strong>14</strong></span> <span class='ocrx_word' id='word_1_253' title='bbox 578 2991 635 3040; x_wconf 87' lang='lat' dir='ltr'><strong>dini</strong></span> <span class='ocrx_word' id='word_1_254' title='bbox 651 2993 751 3043; x_wconf 78' lang='lat' dir='ltr'><strong>atriani</strong></span> <span class='ocrx_word' id='word_1_255' title='bbox 770 2994 831 3042; x_wconf 76' lang='lat' dir='ltr'><strong>Vol.</strong></span> <span class='ocrx_word' id='word_1_256' title='bbox 906 2993 1071 3043; x_wconf 75' lang='lat' dir='ltr'><strong>anctoritate</strong></span> <span class='ocrx_word' id='word_1_257' title='bbox 1095 2991 1154 3042; x_wconf 86' lang='lat' dir='ltr'><strong>diui</strong></span> 
     </span>
     <span class='ocr_line' id='line_1_34' title="bbox 241 3059 1156 3126; baseline -0.002 -12"><span class='ocrx_word' id='word_1_258' title='bbox 241 3062 378 3114; x_wconf 85' lang='lat' dir='ltr'><strong>Hadriani</strong></span> <span class='ocrx_word' id='word_1_259' title='bbox 399 3076 475 3125; x_wconf 83' lang='lat' dir='ltr'><strong>prop.</strong></span> <span class='ocrx_word' id='word_1_260' title='bbox 507 3059 658 3126; x_wconf 61' lang='lat' dir='ltr'><strong>flectemus</strong></span> <span class='ocrx_word' id='word_1_261' title='bbox 749 3061 781 3112; x_wconf 83' lang='lat'><strong>16</strong></span> <span class='ocrx_word' id='word_1_262' title='bbox 805 3060 854 3111; x_wconf 83' lang='lat' dir='ltr'><strong>sed</strong></span> <span class='ocrx_word' id='word_1_263' title='bbox 882 3062 954 3112; x_wconf 84' lang='lat' dir='ltr'><strong>iuste</strong></span> <span class='ocrx_word' id='word_1_264' title='bbox 976 3061 1156 3113; x_wconf 63' lang='lat' dir='ltr'><strong>Hermerotem</strong></span> 
     </span>
     <span class='ocr_line' id='line_1_35' title="bbox 245 3128 1154 3202; baseline -0.001 -20"><span class='ocrx_word' id='word_1_265' title='bbox 245 3129 739 3202; x_wconf 47' lang='lat' dir='ltr'><strong>(Leipzstepert.1843111113104)</strong></span> <span class='ocrx_word' id='word_1_266' title='bbox 839 3129 872 3182; x_wconf 88' lang='lat'><strong>18</strong></span> <span class='ocrx_word' id='word_1_267' title='bbox 893 3128 926 3182; x_wconf 65' lang='grc' dir='ltr'><strong>,ὲ</strong></span> <span class='ocrx_word' id='word_1_268' title='bbox 952 3136 983 3182; x_wconf 85' lang='lat' dir='ltr'><strong>ut</strong></span> <span class='ocrx_word' id='word_1_269' title='bbox 1006 3132 1029 3194; x_wconf 83' lang='lat' dir='ltr'><strong>(t</strong></span> <span class='ocrx_word' id='word_1_270' title='bbox 1053 3135 1079 3181; x_wconf 83' lang='lat' dir='ltr'><strong>in</strong></span> <span class='ocrx_word' id='word_1_271' title='bbox 1097 3129 1154 3192; x_wconf 76' lang='lat' dir='ltr'><strong>lit.)</strong></span> 
     </span>
     <span class='ocr_line' id='line_1_36' title="bbox 248 3200 1153 3266; baseline -0.003 -14"><span class='ocrx_word' id='word_1_272' title='bbox 248 3203 308 3252; x_wconf 80' lang='lat' dir='ltr'><strong>Vnt.</strong></span> <span class='ocrx_word' id='word_1_273' title='bbox 370 3237 373 3244; x_wconf 83' lang='grc'><em>.</em></span> <span class='ocrx_word' id='word_1_274' title='bbox 394 3217 427 3251; x_wconf 85' lang='lat' dir='ltr'><strong>ex</strong></span> <span class='ocrx_word' id='word_1_275' title='bbox 452 3203 527 3258; x_wconf 80' lang='lat' dir='ltr'><strong>soto,</strong></span> <span class='ocrx_word' id='word_1_276' title='bbox 549 3203 581 3249; x_wconf 87' lang='lat' dir='ltr'><strong>ut</strong></span> <span class='ocrx_word' id='word_1_277' title='bbox 661 3203 846 3264; x_wconf 83' lang='lat' dir='ltr'><strong>consequatur</strong></span> <span class='ocrx_word' id='word_1_278' title='bbox 867 3200 945 3266; x_wconf 66' lang='lat' dir='ltr'><strong>liupo</strong></span> <span class='ocrx_word' id='word_1_279' title='bbox 967 3201 991 3250; x_wconf 92' lang='lat' dir='ltr'><strong>I.</strong></span> <span class='ocrx_word' id='word_1_280' title='bbox 1016 3201 1043 3252; x_wconf 83' lang='lat'><strong>0.</strong></span> <span class='ocrx_word' id='word_1_281' title='bbox 1063 3200 1098 3250; x_wconf 89' lang='lat' dir='ltr'><strong>A.</strong></span> <span class='ocrx_word' id='word_1_282' title='bbox 1121 3215 1153 3264; x_wconf 84' lang='lat' dir='ltr'><strong>p.</strong></span> 
     </span>
     <span class='ocr_line' id='line_1_37' title="bbox 245 3269 1155 3334; baseline -0.001 -14"><span class='ocrx_word' id='word_1_283' title='bbox 245 3274 326 3322; x_wconf 82' lang='lat'><strong><em>1603.</em></strong></span> <span class='ocrx_word' id='word_1_284' title='bbox 344 3276 431 3322; x_wconf 86' lang='lat' dir='ltr'><strong>nt</strong></span> <span class='ocrx_word' id='word_1_285' title='bbox 456 3269 587 3334; x_wconf 78' lang='lat' dir='ltr'><strong>consequi</strong></span> <span class='ocrx_word' id='word_1_286' title='bbox 608 3271 697 3334; x_wconf 89' lang='lat' dir='ltr'><strong>possit</strong></span> <span class='ocrx_word' id='word_1_287' title='bbox 711 3283 787 3332; x_wconf 80' lang='lat' dir='ltr'><strong>prop.</strong></span> <span class='ocrx_word' id='word_1_288' title='bbox 813 3269 962 3334; x_wconf 67' lang='lat' dir='ltr'><strong>Boetinpins</strong></span> <span class='ocrx_word' id='word_1_289' title='bbox 1038 3269 1071 3322; x_wconf 90' lang='lat'><strong>18</strong></span> <span class='ocrx_word' id='word_1_290' title='bbox 1088 3285 1155 3320; x_wconf 91' lang='lat' dir='ltr'><strong>con-</strong></span> 
     </span>
     <span class='ocr_line' id='line_1_38' title="bbox 244 3336 1157 3404; baseline -0.001 -15"><span class='ocrx_word' id='word_1_291' title='bbox 244 3339 317 3390; x_wconf 86' lang='lat' dir='ltr'><strong>sultn</strong></span> <span class='ocrx_word' id='word_1_292' title='bbox 339 3343 399 3391; x_wconf 82' lang='lat' dir='ltr'><strong>Vnt.</strong></span> <span class='ocrx_word' id='word_1_293' title='bbox 419 3337 544 3391; x_wconf 82' lang='lat' dir='ltr'><strong>consulto</strong></span> <span class='ocrx_word' id='word_1_294' title='bbox 561 3339 620 3391; x_wconf 84' lang='lat' dir='ltr'><strong>edd.</strong></span> <span class='ocrx_word' id='word_1_295' title='bbox 699 3336 732 3388; x_wconf 84' lang='lat'><strong>19</strong></span> <span class='ocrx_word' id='word_1_296' title='bbox 747 3337 827 3389; x_wconf 86' lang='lat' dir='ltr'><strong>liberi</strong></span> <span class='ocrx_word' id='word_1_297' title='bbox 849 3340 911 3389; x_wconf 83' lang='lat' dir='ltr'><strong>Vnt.</strong></span> <span class='ocrx_word' id='word_1_298' title='bbox 990 3338 1157 3404; x_wconf 76' lang='lat' dir='ltr'><strong>reaccepit</strong></span> 
     </span>
     <span class='ocr_line' id='line_1_39' title="bbox 248 3405 1158 3472; baseline -0.001 -13"><span class='ocrx_word' id='word_1_299' title='bbox 248 3409 308 3459; x_wconf 74' lang='lat' dir='ltr'><strong>Vae.</strong></span> <span class='ocrx_word' id='word_1_300' title='bbox 380 3411 404 3460; x_wconf 89' lang='lat' dir='ltr'><strong>si</strong></span> <span class='ocrx_word' id='word_1_301' title='bbox 421 3411 502 3460; x_wconf 73' lang='lat' dir='ltr'><strong>omen</strong></span> <span class='ocrx_word' id='word_1_302' title='bbox 519 3409 578 3460; x_wconf 82' lang='lat' dir='ltr'><strong>Vat.</strong></span> <span class='ocrx_word' id='word_1_303' title='bbox 650 3405 788 3472; x_wconf 70' lang='lat' dir='ltr'><strong>strigilis</strong></span> <span class='ocrx_word' id='word_1_304' title='bbox 811 3409 872 3458; x_wconf 73' lang='lat' dir='ltr'><strong>Vae.</strong></span> <span class='ocrx_word' id='word_1_305' title='bbox 943 3423 1029 3466; x_wconf 75' lang='lat' dir='ltr'><strong>annos</strong></span> <span class='ocrx_word' id='word_1_306' title='bbox 1042 3407 1158 3459; x_wconf 73' lang='lat' dir='ltr'><strong>Bricks&#39;n-</strong></span> 
     </span>
     <span class='ocr_line' id='line_1_40' title="bbox 240 3475 1156 3556; baseline 0.001 -28"><span class='ocrx_word' id='word_1_307' title='bbox 240 3479 298 3544; x_wconf 76' lang='lat' dir='ltr'><strong>9iroe</strong></span> <span class='ocrx_word' id='word_1_308' title='bbox 372 3479 405 3528; x_wconf 79' lang='lat'><strong>21</strong></span> <span class='ocrx_word' id='word_1_309' title='bbox 419 3475 533 3530; x_wconf 77' lang='lat' dir='ltr'><strong>Viscilia</strong></span> <span class='ocrx_word' id='word_1_310' title='bbox 546 3477 663 3528; x_wconf 73' lang='grc' dir='ltr'><em>Οιιίαοίω</em></span> <span class='ocrx_word' id='word_1_311' title='bbox 677 3479 703 3527; x_wconf 75' lang='lat' dir='ltr'><strong>in</strong></span> <span class='ocrx_word' id='word_1_312' title='bbox 719 3480 794 3529; x_wconf 73' lang='lat' dir='ltr'><strong>notis.</strong></span> <span class='ocrx_word' id='word_1_313' title='bbox 810 3477 920 3529; x_wconf 81' lang='lat' dir='ltr'><strong>Visiliia</strong></span> <span class='ocrx_word' id='word_1_314' title='bbox 937 3481 998 3530; x_wconf 70' lang='lat' dir='ltr'><strong>Vas.</strong></span> <span class='ocrx_word' id='word_1_315' title='bbox 1013 3477 1053 3528; x_wconf 81' lang='lat' dir='ltr'><strong>ed.</strong></span> <span class='ocrx_word' id='word_1_316' title='bbox 1065 3479 1156 3556; x_wconf 69' lang='lat' dir='ltr'><strong>princ.</strong></span> 
     </span>
    </p>
   </div>
   <div class='ocr_carea' id='block_1_4' title="bbox 0 0 1258 3980">
    <p class='ocr_par' dir='ltr' id='par_1_5' title="bbox 0 0 1258 3980">
     <span class='ocr_line' id='line_1_41' title="bbox 0 0 1258 3980; baseline 0 0"><span class='ocrx_word' id='word_1_317' title='bbox 0 0 1258 3980; x_wconf 95' lang='lat' dir='ltr'><strong> </strong></span> 
     </span>
    </p>
   </div>
  </div>
 </body>
</html>
