2506 3980
252 743 265 800 1
291 771 340 806 sus
353 742 506 820 prohibet,
542 743 679 820 exceptis
707 741 888 820 quibusdam
914 745 1058 825 cognatis,

164 835 195 887 et
217 829 243 888 si
260 829 329 912 plus
352 826 498 887 donatum
519 827 573 902 sit,
596 847 658 886 non
678 826 832 909 respindit.
919 826 938 886 2
958 830 1061 899 Minus

90 970 93 978 ,
163 931 253 992 quam
270 913 414 991 'perfecte
436 913 489 972 lex
512 921 572 988 est,
593 931 672 991 quae
689 921 775 971 uetat
797 912 914 992 aliquid
932 915 1006 986 fieri,
1030 923 1062 974 et

81 1029 82 1038 κ
162 997 321 1058 sifectum
343 998 397 1072 sit,
425 1018 487 1057 non
509 995 672 1071 rescindit,
701 996 757 1056 sed
776 1017 908 1075 poenam
931 999 1062 1075 iniungit

138 1083 209 1158 eei,
239 1083 292 1162 qui
307 1091 419 1142 contre
444 1082 546 1160 legem
571 1083 660 1142 fecit:
691 1082 791 1160 qualis
819 1091 865 1142 est
892 1083 944 1141 lex
967 1083 1062 1142 Furia

146 1231 151 1240 =
210 1211 369 1255 Desiderantnr
383 1209 406 1250 in
439 1209 534 1263 rincipio
548 1209 600 1256 libsi
611 1207 750 1250 definitiones
762 1207 928 1261 diuisionesque
937 1208 1000 1250 iuris.
1028 1210 1063 1249 Cf.

163 1261 390 1315 vtplnsull-t.
429 1260 507 1302 sill.
525 1261 591 1313 Ilugo
606 1259 653 1302 Ciu.
667 1259 727 1313 Mag.
741 1259 772 1300 IV
786 1260 831 1301 304.
859 1260 895 1300 Ad
908 1261 942 1300 ius
955 1261 1062 1320 scriptum

160 1313 273 1367 pertinent
286 1311 340 1354 haec
354 1315 384 1362 88
398 1312 486 1362 1...3,
502 1312 581 1364 quibus
596 1311 623 1352 de
637 1311 725 1364 legibus
739 1311 822 1364 egitur:
834 1324 859 1352 ec
873 1311 961 1363 plenius
975 1312 1062 1364 quidem

161 1366 265 1416 quamue
280 1363 334 1404 Gaio
348 1362 357 1402 1
371 1362 489 1413 ereetum,
505 1363 542 1414 qui
560 1374 605 1402 non
618 1362 662 1402 nisi
676 1362 740 1402 haec:
755 1362 813 1403 ‘lex
828 1368 871 1403 est
889 1362 960 1414 quod
973 1375 1063 1415 popu-

150 1415 300 1458 ,lusiubet
319 1419 402 1466 etque
417 1413 593 1454 constituit.‘
630 1429 644 1444 κ

230 1515 330 1566 Initium
346 1515 422 1565 lituu
439 1515 599 1566 Lacdmunuo
617 1514 754 1579 (zeitschr.
769 1515 792 1577 s.
807 1513 892 1578 pe'scd.
907 1514 939 1566 Ii.
960 1515 1003 1566 W.
1021 1513 1066 1563 IX

165 1583 317 1649 174-212)
327 1583 525 1650 Monmuenoque
538 1583 630 1649 (Bdck.
644 1584 684 1636 ed.
696 1586 744 1648 dp.
753 1582 905 1647 109-120)
921 1583 1064 1636 auctoribus

162 1657 278 1706 constitui
282 1671 291 1704 :
307 1671 408 1719 quorum
417 1653 457 1704 hic
464 1654 658 1717 probabiliorem
668 1655 828 1716 corruptelae
842 1655 906 1704 uiam
917 1655 1063 1718 iudupuuit:

162 1727 187 1774 tn
208 1726 334 1787 principio
359 1725 430 1787 ‘plus
453 1739 525 1774 unum
539 1721 626 1787 folium
647 1725 701 1774 siue
717 1725 821 1796 tu'piuta
838 1738 887 1773 rec
899 1719 959 1785 fere
974 1738 1064 1773 uersus

154 1796 249 1866 *quates
265 1802 323 1844 suut
338 1795 431 1844 codicis
453 1795 574 1856 Vaticani
588 1809 637 1843 nou
651 1793 768 1845 uidentur
785 1793 970 1842 intercidisse!
999 1792 1065 1842 Vide

161 1879 250 1932 eupru.
286 1863 320 1911 Iu
348 1865 408 1913 Vct.
429 1869 455 1912 et
470 1863 510 1914 ed.
526 1864 612 1924 princ.
635 1865 749 1926 singulae
771 1870 864 1924 partes
884 1864 921 1910 etc
941 1876 969 1910 se
994 1862 1064 1911 exci-

161 1935 249 1994 piuut:
272 1931 411 1996 Incipiunt
425 1931 499 1980 tituli
518 1927 662 1992 (XXVIIII
678 1931 765 1993 tituli,
790 1945 835 1979 om.
855 1929 1002 1993 incipiunt,
1022 1931 1062 1980 ed.

111 2033 115 2041 ι
143 1999 262 2063 princ.)
287 2015 320 2049 ex
343 2013 455 2064 corpore
475 1997 593 2069 leiapi.
629 1999 720 2048 Mores
791 2001 958 2048 inueteratus
978 1998 1018 2063 (p.
1038 2003 1063 2058 4,

165 2073 200 2121 10
217 2072 269 2134 sp.)
304 2069 319 2120 I
337 2069 380 2119 De
398 2068 504 2118 libertis
598 2067 732 2118 XXVIIII
751 2067 784 2117 de
800 2067 878 2118 bonis
895 2066 1062 2119 libertorum.

162 2139 177 2188 I
201 2139 257 2188 Tit.
285 2138 356 2202 (Tit.
377 2138 391 2188 1
416 2139 457 2188 ed.
475 2135 571 2203 princ.)
605 2137 648 2187 De
676 2137 792 2204 libertisp
826 2137 1000 2188 Libertorum·

164 2207 305 2258 confirmat
325 2206 412 2274 (quod
434 2206 528 2258 datum
552 2207 672 2271 legatum
696 2212 737 2256 est
758 2207 819 2256 adii.
845 2206 885 2256 ed.
904 2205 1001 2270 princ.)
1019 2207 1063 2270 (p.
1149 2265 1150 2268 Ἴ

163 2281 194 2340 5,
212 2274 245 2340 9)
264 2277 389 2342 prohibet
458 2277 545 2342 prime
562 2276 623 2342 lege
641 2275 684 2341 (p.
700 2278 730 2339 1,
750 2274 794 2340 0).
815 2272 896 2326 hodie
912 2281 1002 2327 autem
1018 2276 1062 2342 (p.

163 2349 188 2408 5,
206 2342 269 2408 10).
290 2349 381 2396 Versum
394 2348 513 2407 ordinem,
529 2347 577 2396 ted
587 2347 676 2396 omisso
694 2347 775 2396 indice
794 2348 927 2410 unctorum,
950 2346 1067 2398 eoekibeut

163 2415 330 2476 Cuiacianae,
346 2421 494 2479 praeposito
512 2417 600 2467 tituto:
619 2417 662 2465 De
673 2413 779 2480 legibus
800 2419 827 2464 et
842 2415 960 2464 moribus
977 2415 1066 2465 ethis:

162 2484 329 2550 Imperfectus
342 2485 386 2536 lex
399 2491 453 2547 est,
473 2485 517 2535 uel
535 2489 576 2535 uti
588 2485 691 2546 Cinciae,
710 2499 780 2549 quae
796 2499 880 2548 supra
894 2489 996 2533 certum
1011 2499 1066 2533 mo-

163 2553 227 2602 dum
251 2552 345 2608 donari
364 2555 422 2620 (ted
437 2556 523 2608 incltn.
542 2557 591 2606 titt.
611 2553 664 2604 Cui.
686 2550 714 2616 b)
731 2555 804 2618 tuitio·
819 2554 955 2615 praefixis.
992 2553 1065 2604 Ouia-

162 2623 216 2671 cius
234 2619 293 2676 obs.
313 2622 384 2672 XIX
402 2626 437 2673 30
455 2625 568 2672 lacunam
586 2624 656 2672 initio
673 2625 709 2670 ita
727 2622 856 2686 eoepteuts:
867 2622 926 2671 Lex
942 2626 989 2672 aut
1006 2639 1065 2688 per·
1158 2661 1165 2673 ,

162 2692 237 2741 fecta
254 2695 310 2753 est,
327 2697 374 2742 aut
392 2685 563 2756 imperfecte,
586 2695 634 2740 eut
651 2691 739 2740 minus
752 2705 833 2755 quarn
846 2691 975 2756 perfecta.
1000 2693 1065 2744 Per-

162 2761 237 2811 fecta
253 2760 298 2810 lex
310 2765 367 2828 est,
385 2761 480 2810 ueluti
495 2759 572 2810 Aelia
584 2760 691 2822 Sentiet,
712 2775 781 2825 quae
795 2763 871 2810 uetat
883 2761 986 2826 aliquid
998 2761 1065 2824 fieri,

164 2835 191 2880 et
214 2830 239 2879 si
260 2829 364 2880 factum
382 2831 435 2893 sit,
463 2829 602 2880 rescindit.
626 2830 790 2895 imperfecte
805 2829 849 2880 lex
872 2836 928 2892 est,
954 2832 998 2882 uel
1022 2833 1065 2881 uti

162 2899 271 2960 Cincin,
305 2911 375 2964 quse
398 2914 479 2963 supra
507 2904 609 2950 certum
636 2899 743 2949 modum
773 2899 878 2950 donari.
906 2899 1065 2965 Schittiuptus

162 2969 296 3018 Animadu.
311 2983 378 3034 spec.
398 2969 493 3019 Itaec
505 2971 689 3031 supplementa:
707 2969 834 3020 Perfecta
851 2968 895 3019 lex
914 2974 967 3029 est,
994 2984 1065 3033 quae

164 3043 242 3088 uetat
258 3038 360 3104 aliquid
383 3037 455 3101 fieri,
473 3042 501 3088 et
518 3038 542 3086 si
557 3037 661 3088 fectum
677 3038 725 3100 sit,
752 3037 897 3101 recendit,
916 3038 1005 3103 qualis
1023 3045 1065 3089 est

166 3139 267 3158 .......
290 3108 455 3174 Inperfecta
471 3106 522 3175 len¹
533 3111 589 3170 est,
609 3123 678 3172 quae
694 3112 771 3157 uetat
790 3107 892 3172 aliquid
907 3105 980 3169 fieri,
1000 3112 1027 3158 et
1042 3110 1072 3159 si'

165 3174 267 3225 fuctum
279 3178 328 3240 sit,
337 3177 400 3228 ‘non
419 3176 481 3243 (nec
495 3175 658 3242 Bdcleiupisu)
677 3177 819 3239 rescindit,
832 3181 889 3227 'nec
900 3171 1014 3241 poennrn
1025 3179 1064 3228 in-

164 3243 253 3308 iungit
266 3246 298 3307 ei,
318 3248 363 3312 qui
374 3240 469 3298 contre
483 3245 570 3312 legem
581 3246 660 3295 fecit:
677 3246 765 3311 qualis
776 3251 818 3296 est
828 3245 871 3295 lex
883 3245 986 3309 cineis,
997 3263 1066 3312 quae

164 3311 226 3380 plus
238 3328 317 3376 quern
332 3352 416 3368 ......
435 3316 531 3366 donari
550 3317 684 3379 proposuit
768 3318 783 3366 2
802 3312 845 3379 et]
863 3315 916 3370 sed
937 3315 1066 3368 Turnebus

165 3377 316 3432 Aru-VH
331 3388 375 3436 21.
396 3389 425 3436 at
444 3387 604 3437 Zimmeruius
621 3384 724 3448 (Gessit.
743 3387 771 3434 d.
788 3385 822 3434 R.
840 3383 913 3434 Pn'u.
932 3385 963 3436 lt.
983 3386 1002 3435 J
1018 3386 1065 3448 02)

235 3453 295 3503 Μ
311 3455 446 3505 rescindet
465 3457 525 3508 Vat.
595 3455 611 3504 5
629 3454 727 3505 fecerit
744 3451 854 3518 Hupol.
865 3454 892 3508 0.
906 3454 939 3503 A.
956 3469 983 3518 p.
994 3457 1066 3504 1003
1101 3503 1104 3508 .

213 3545 216 3550 .
844 3551 859 3602 l
876 3540 894 3578 *
