2506 3980
140 305 143 312 .
207 239 270 287 XVI
564 243 774 289 usuardum..

206 405 363 458 auctorem
380 396 562 467 referretur,
585 395 704 469 curaui,
727 413 787 474 quo
805 393 949 465 boentius
965 408 1033 454 eam
1049 411 1117 458 rom

208 497 248 558 ab
270 496 340 557 aliis
358 497 494 559 habitam
514 493 584 558 erse
606 496 759 558 intellexi.
802 496 875 574 Ipsa
896 503 1001 556 autam
1019 493 1116 554 uerba

206 598 343 679 leiani
364 597 438 678 quid
468 618 488 659 a
517 597 723 680 superioribus
750 595 933 656 editionibus
964 595 1116 669 differant,

206 701 384 784 ¹siugulatim
406 697 569 762 recensere
591 699 712 760 taedett
735 706 854 758 tantum
878 696 986 757 uideor
1011 697 1115 756 dicere

206 819 313 880 posse,
342 796 468 881 leiani
496 802 620 881 regulas
648 799 759 880 partim
786 799 932 859 Vaticani
958 799 1116 876 scripturis

206 903 390 980 postliminio
405 904 556 963 restitutis
574 902 685 982 partim
702 901 831 962 aliorum
844 901 897 961 uel
911 901 989 960 meis
1008 901 1126 980 opina:

206 1004 339 1067 tionibus
362 1001 508 1064 adhibitis
522 1003 680 1083 aliquanto
702 1021 785 1061 nunc
798 1021 889 1082 quam
903 1011 995 1063 antea
1011 1021 1113 1062 emen·

206 1101 342 1166 <latiores
361 1104 494 1184 prodire.
522 1106 626 1185 Atque
641 1105 673 1164 in
685 1103 847 1164 uerborum
862 1101 1016 1176 ordinem,
1032 1121 1113 1182 quae

208 1215 293 1266 reete
316 1206 478 1266 emendato
499 1205 697 1277 uidebantur,
717 1205 836 1284 recepi,
858 1223 1042 1285 quamquam
1066 1225 1115 1264 su·-

207 1299 433 1385 peruacauautu
453 1307 540 1379 duxi,
564 1307 684 1385 inipso
701 1315 846 1368 contextu
863 1307 1032 1386 quamlibet
1053 1323 1117 1366 eor·

167 1466 172 1472 ,
207 1409 377 1467 rectionem
402 1407 534 1468 diuersis
561 1407 672 1468 litteris
699 1405 884 1486 significares
927 1405 1118 1485 Regularum

209 1517 312 1569 autem
327 1511 482 1590 excerptis
505 1507 611 1568 addidi
633 1511 812 1589 superstites
833 1527 875 1569 ex
895 1508 1118 1570 institutionum

204 1609 293 1669 libris
309 1611 472 1691 reliquias:
489 1629 565 1690 quas
580 1609 694 1688 duplici
710 1609 908 1675 adnotatione
919 1610 965 1668 ita
978 1611 1116 1684 instruxi,
1136 1673 1140 1680 ,

205 1719 241 1770 ut
254 1711 351 1771 uerba
362 1711 558 1791 scriptorum,
575 1712 628 1791 qui
643 1711 817 1788 fragmenta
830 1721 1063 1786 conseruerunt,
1080 1733 1118 1773 ac

208 1810 347 1872 codicum
363 1809 595 1892 editionumque
604 1811 751 1872 lectiones
766 1813 931 1891 separatim
945 1812 1115 1874 tradantur.

270 1913 416 1992 Denique
431 1911 564 1973 indicem
580 1913 612 1972 iu
626 1912 863 1992 regulas·,·Aug.
881 1911 1119 1976 Reifferscheid-

127 2043 132 2054 .
204 2009 524 2089 tioudiutoreusus,
554 2016 688 2088 confeci,
715 2011 914 2096 quiquidem
933 2035 997 2076 non
1018 2019 1118 2078 omnia
1230 2007 1231 2010 ¹

205 2115 303 2176 uerba
324 2115 553 2194 complectitur,
582 2114 638 2175 sed
659 2135 708 2176 aa*
721 2113 862 2186 exhibet,
885 2111 965 2194 quae
985 2121 1118 2180 maxime

148 2231 155 2242 ⁸
207 2216 282 2276 iuris
305 2207 448 2276 studiosis
468 2216 617 2296 prodesse
636 2214 824 2276 uiderentur.

206 2335 209 2341 ·
272 2317 363 2378 Haec
383 2317 445 2376 iam
466 2319 499 2376 in
520 2327 557 2378 eb
580 2326 682 2390 erant,
701 2323 735 2376 ut
752 2315 839 2396 prelo
860 2317 1118 2395 submitterentur,
1229 2375 1230 2378 ,

173 2483 174 2488 1
204 2430 276 2478 'eum
298 2416 433 2479 Oaroli
453 2418 600 2480 Riideri
626 2416 832 2479 afferebantur
859 2419 1043 2481 emendandi
1063 2423 1119 2484 Vi-

206 2522 292 2600 piani
313 2520 473 2580 conamina
488 2518 647 2598 (Heidelb.
669 2517 765 2596 leitil:
788 2519 820 2578 in
833 2511 946 2598 quibus
959 2540 1027 2582 eum
1041 2542 1116 2603 pau-

203 2623 251 2681 ois
272 2623 360 2682 bouis
381 2621 478 2680 mixta
497 2621 684 2688 inuenissem
702 2620 847 2701 plurima,
870 2641 950 2702 quas
972 2626 1118 2684 maiorem
1228 2615 1229 2670 Ῠ

204 2721 423 2786 'confidentiam
444 2721 536 2803 quom
557 2742 645 2782 usum
668 2741 705 2782 ac
725 2723 867 2801 peritiam
891 2722 1038 2803 prodant,
1061 2745 1117 2786 no·
1228 2699 1229 2736 ³

206 2824 251 2884 lui
273 2823 325 2883 diu
344 2824 530 2885 retardatam
543 2823 615 2882 libri
636 2824 696 2883 mei
712 2822 877 2884 editionem
891 2826 982 2884 etiam
1005 2826 1119 2888 diutius

205 2943 362 2988 remoran-
382 2961 385 2968 <

275 3074 413 3152 ⁴Dabam
432 3065 556 3172 bonnae
578 3111 617 3152 m.
641 3063 1018 3173 septembri'MDccc'Lvl.
