<?xml version="1.0" encoding="UTF-8"?>
<!DOCTYPE html PUBLIC "-//W3C//DTD XHTML 1.0 Transitional//EN"
    "http://www.w3.org/TR/xhtml1/DTD/xhtml1-transitional.dtd">
<html xmlns="http://www.w3.org/1999/xhtml" xml:lang="en" lang="en">
 <head>
  <title>
</title>
<meta http-equiv="Content-Type" content="text/html;charset=utf-8" />
  <meta name='ocr-system' content='tesseract 3.04.00' />
  <meta name='ocr-capabilities' content='ocr_page ocr_carea ocr_par ocr_line ocrx_word'/>
</head>
<body>
  <div class='ocr_page' id='page_1' title='image "./domitiivlpianie00ulpigoog_0016.png"; bbox 0 0 2506 3980; ppageno 0'>
   <div class='ocr_carea' id='block_1_1' title="bbox 511 261 1062 314">
    <p class='ocr_par' dir='ltr' id='par_1_1' title="bbox 511 261 1062 314">
     <span class='ocr_line' id='line_1_1' title="bbox 511 261 1062 314; baseline 0.007 -4"><span class='ocrx_word' id='word_1_1' title='bbox 511 270 704 314; x_wconf 77' lang='lat' dir='ltr'><strong>rnanrarro.</strong></span> <span class='ocrx_word' id='word_1_2' title='bbox 1023 261 1062 308; x_wconf 75' lang='grc' dir='ltr'>Π</span> 
     </span>
    </p>
   </div>
   <div class='ocr_carea' id='block_1_2' title="bbox 43 405 1177 3532">
    <p class='ocr_par' dir='ltr' id='par_1_2' title="bbox 43 405 1177 3532">
     <span class='ocr_line' id='line_1_2' title="bbox 136 405 1062 502; baseline -0.002 -20"><span class='ocrx_word' id='word_1_3' title='bbox 136 422 236 482; x_wconf 82' lang='lat' dir='ltr'><strong>&#39;bach</strong></span> <span class='ocrx_word' id='word_1_4' title='bbox 264 405 349 483; x_wconf 74' lang='lat' dir='ltr'><strong>liber</strong></span> <span class='ocrx_word' id='word_1_5' title='bbox 369 421 441 502; x_wconf 90' lang='lat' dir='ltr'><strong>le.</strong></span> <span class='ocrx_word' id='word_1_6' title='bbox 465 423 588 500; x_wconf 82' lang='lat' dir='ltr'><strong>Fragm.</strong></span> <span class='ocrx_word' id='word_1_7' title='bbox 620 420 706 500; x_wconf 81' lang='lat' dir='ltr'><strong>Lips·</strong></span> <span class='ocrx_word' id='word_1_8' title='bbox 730 429 808 484; x_wconf 80' lang='lat'>1834.</span> <span class='ocrx_word' id='word_1_9' title='bbox 839 419 924 480; x_wconf 82' lang='lat' dir='ltr'><strong>Hall.</strong></span> <span class='ocrx_word' id='word_1_10' title='bbox 951 418 1062 480; x_wconf 80' lang='lat' dir='ltr'>Jahrb.</span> 
     </span>
     <span class='ocr_line' id='line_1_3' title="bbox 156 504 1105 603; baseline -0.007 -17"><span class='ocrx_word' id='word_1_11' title='bbox 156 533 226 588; x_wconf 84' lang='grc'><strong>1888</strong></span> <span class='ocrx_word' id='word_1_12' title='bbox 251 543 283 583; x_wconf 87' lang='lat' dir='ltr'><strong>n.-</strong></span> <span class='ocrx_word' id='word_1_13' title='bbox 311 529 371 586; x_wconf 69' lang='lat'><strong>246.</strong></span> <span class='ocrx_word' id='word_1_14' title='bbox 415 504 1062 603; x_wconf 73' lang='lat' dir='ltr'><strong>Leipz.Repe1t.18431Hp.93sq.·-</strong></span> <span class='ocrx_word' id='word_1_15' title='bbox 1097 559 1105 564; x_wconf 92' lang='lat'>-</span> 
     </span>
     <span class='ocr_line' id='line_1_4' title="bbox 156 623 1059 705; baseline -0.006 -19"><span class='ocrx_word' id='word_1_16' title='bbox 156 623 303 687; x_wconf 83' lang='lat' dir='ltr'><strong>Schunck</strong></span> <span class='ocrx_word' id='word_1_17' title='bbox 330 625 439 684; x_wconf 85' lang='lat' dir='ltr'><strong>Jahrb.</strong></span> <span class='ocrx_word' id='word_1_18' title='bbox 475 625 570 684; x_wconf 88' lang='lat' dir='ltr'><strong>XXV</strong></span> <span class='ocrx_word' id='word_1_19' title='bbox 604 644 636 702; x_wconf 89' lang='lat' dir='ltr'><strong>p.</strong></span> <span class='ocrx_word' id='word_1_20' title='bbox 668 632 701 688; x_wconf 78' lang='lat'><strong>47</strong></span> <span class='ocrx_word' id='word_1_21' title='bbox 731 643 799 705; x_wconf 86' lang='lat' dir='ltr'><strong>sqq.</strong></span> <span class='ocrx_word' id='word_1_22' title='bbox 852 623 1001 702; x_wconf 75' lang='lat' dir='ltr'><strong>zeitschr.</strong></span> <span class='ocrx_word' id='word_1_23' title='bbox 1037 623 1059 682; x_wconf 87' lang='lat' dir='ltr'><strong>f.</strong></span> 
     </span>
     <span class='ocr_line' id='line_1_5' title="bbox 154 715 1062 807; baseline -0.006 -19"><span class='ocrx_word' id='word_1_24' title='bbox 154 715 312 806; x_wconf 74' lang='lat' dir='ltr'><strong>geminii.</strong></span> <span class='ocrx_word' id='word_1_25' title='bbox 327 727 379 788; x_wconf 87' lang='lat' dir='ltr'><strong>W.</strong></span> <span class='ocrx_word' id='word_1_26' title='bbox 394 727 444 785; x_wconf 86' lang='lat' dir='ltr'><strong>1X</strong></span> <span class='ocrx_word' id='word_1_27' title='bbox 463 747 494 807; x_wconf 83' lang='lat' dir='ltr'><strong>p·</strong></span> <span class='ocrx_word' id='word_1_28' title='bbox 511 735 562 790; x_wconf 79' lang='grc'><strong>157</strong></span> <span class='ocrx_word' id='word_1_29' title='bbox 578 724 660 806; x_wconf 79' lang='lat' dir='ltr'><strong>sqq.)</strong></span> <span class='ocrx_word' id='word_1_30' title='bbox 704 725 780 785; x_wconf 81' lang='lat' dir='ltr'><strong>Cum</strong></span> <span class='ocrx_word' id='word_1_31' title='bbox 798 725 928 784; x_wconf 90' lang='lat' dir='ltr'><strong>enimin</strong></span> <span class='ocrx_word' id='word_1_32' title='bbox 945 743 1062 784; x_wconf 83' lang='lat' dir='ltr'><strong>summa</strong></span> 
     </span>
     <span class='ocr_line' id='line_1_6' title="bbox 154 825 1061 907; baseline 0 -21"><span class='ocrx_word' id='word_1_33' title='bbox 154 828 201 886; x_wconf 87' lang='lat' dir='ltr'><strong>rai</strong></span> <span class='ocrx_word' id='word_1_34' title='bbox 219 828 384 891; x_wconf 72' lang='lat' dir='ltr'><strong>Vaticanus</strong></span> <span class='ocrx_word' id='word_1_35' title='bbox 407 828 534 888; x_wconf 83' lang='lat' dir='ltr'><strong>mirifice</strong></span> <span class='ocrx_word' id='word_1_36' title='bbox 554 829 726 888; x_wconf 73' lang='lat' dir='ltr'><strong>consentiat</strong></span> <span class='ocrx_word' id='word_1_37' title='bbox 747 845 815 886; x_wconf 85' lang='lat' dir='ltr'><strong>cnm</strong></span> <span class='ocrx_word' id='word_1_38' title='bbox 838 826 895 900; x_wconf 86' lang='lat' dir='ltr'><strong>eir,</strong></span> <span class='ocrx_word' id='word_1_39' title='bbox 919 845 999 907; x_wconf 80' lang='lat' dir='ltr'><strong>qnae</strong></span> <span class='ocrx_word' id='word_1_40' title='bbox 1022 825 1061 886; x_wconf 92' lang='lat' dir='ltr'><strong>de</strong></span> 
     </span>
     <span class='ocr_line' id='line_1_7' title="bbox 154 926 1061 1008; baseline 0.001 -22"><span class='ocrx_word' id='word_1_41' title='bbox 154 927 229 988; x_wconf 75' lang='lat' dir='ltr'><strong>Tilii</strong></span> <span class='ocrx_word' id='word_1_42' title='bbox 256 929 335 989; x_wconf 85' lang='lat' dir='ltr'><strong>libro</strong></span> <span class='ocrx_word' id='word_1_43' title='bbox 362 929 540 1002; x_wconf 81' lang='lat' dir='ltr'><strong>traduntur,</strong></span> <span class='ocrx_word' id='word_1_44' title='bbox 564 938 628 989; x_wconf 88' lang='lat' dir='ltr'><strong>tum</strong></span> <span class='ocrx_word' id='word_1_45' title='bbox 646 929 871 1008; x_wconf 70' lang='lat' dir='ltr'><strong>discrepantiae</strong></span> <span class='ocrx_word' id='word_1_46' title='bbox 893 926 1061 987; x_wconf 83' lang='lat' dir='ltr'><strong>nonnullae</strong></span> 
     </span>
     <span class='ocr_line' id='line_1_8' title="bbox 153 1027 1060 1110; baseline 0 -21"><span class='ocrx_word' id='word_1_47' title='bbox 153 1030 246 1092; x_wconf 73' lang='lat' dir='ltr'><strong>facile</strong></span> <span class='ocrx_word' id='word_1_48' title='bbox 268 1051 307 1092; x_wconf 88' lang='lat' dir='ltr'><strong>ex</strong></span> <span class='ocrx_word' id='word_1_49' title='bbox 331 1031 480 1092; x_wconf 86' lang='lat' dir='ltr'><strong>editorum</strong></span> <span class='ocrx_word' id='word_1_50' title='bbox 496 1027 666 1090; x_wconf 80' lang='lat' dir='ltr'><strong>rationibus</strong></span> <span class='ocrx_word' id='word_1_51' title='bbox 680 1030 919 1110; x_wconf 78' lang='lat' dir='ltr'><strong>explicationem</strong></span> <span class='ocrx_word' id='word_1_52' title='bbox 935 1028 1060 1089; x_wconf 86' lang='lat' dir='ltr'><strong>habent.</strong></span> 
     </span>
     <span class='ocr_line' id='line_1_9' title="bbox 152 1130 1061 1208; baseline 0 -18"><span class='ocrx_word' id='word_1_53' title='bbox 152 1131 278 1192; x_wconf 79' lang='lat' dir='ltr'><strong>Etenim</strong></span> <span class='ocrx_word' id='word_1_54' title='bbox 301 1131 402 1192; x_wconf 76' lang='lat' dir='ltr'><strong>Titius</strong></span> <span class='ocrx_word' id='word_1_55' title='bbox 425 1132 553 1208; x_wconf 82' lang='lat' dir='ltr'><strong>multum</strong></span> <span class='ocrx_word' id='word_1_56' title='bbox 575 1132 687 1205; x_wconf 87' lang='lat' dir='ltr'><strong>abfuit,</strong></span> <span class='ocrx_word' id='word_1_57' title='bbox 709 1140 743 1190; x_wconf 91' lang='lat' dir='ltr'><strong>ut</strong></span> <span class='ocrx_word' id='word_1_58' title='bbox 764 1130 902 1190; x_wconf 77' lang='lat' dir='ltr'><strong>codicem</strong></span> <span class='ocrx_word' id='word_1_59' title='bbox 917 1137 1061 1190; x_wconf 82' lang='lat' dir='ltr'><strong>accurate</strong></span> 
     </span>
     <span class='ocr_line' id='line_1_10' title="bbox 153 1222 1061 1312; baseline 0.001 -21"><span class='ocrx_word' id='word_1_60' title='bbox 153 1233 354 1312; x_wconf 80' lang='lat' dir='ltr'><strong>exprimeret,</strong></span> <span class='ocrx_word' id='word_1_61' title='bbox 385 1229 529 1292; x_wconf 80' lang='lat' dir='ltr'><strong>Oniaciaa</strong></span> <span class='ocrx_word' id='word_1_62' title='bbox 561 1242 663 1294; x_wconf 83' lang='lat' dir='ltr'><strong>autem</strong></span> <span class='ocrx_word' id='word_1_63' title='bbox 683 1222 821 1301; x_wconf 55' lang='lat' dir='ltr'><strong>&#39;eundem</strong></span> <span class='ocrx_word' id='word_1_64' title='bbox 845 1231 958 1292; x_wconf 87' lang='lat' dir='ltr'><strong>librum</strong></span> <span class='ocrx_word' id='word_1_65' title='bbox 977 1231 1061 1292; x_wconf 87' lang='lat' dir='ltr'><strong>haud</strong></span> 
     </span>
     <span class='ocr_line' id='line_1_11' title="bbox 71 1331 1060 1414; baseline 0.003 -23"><span class='ocrx_word' id='word_1_66' title='bbox 71 1365 74 1372; x_wconf 69' lang='lat'><strong>,</strong></span> <span class='ocrx_word' id='word_1_67' title='bbox 152 1332 245 1392; x_wconf 87' lang='lat' dir='ltr'><strong>dubie</strong></span> <span class='ocrx_word' id='word_1_68' title='bbox 262 1333 303 1392; x_wconf 92' lang='lat' dir='ltr'><strong>ad</strong></span> <span class='ocrx_word' id='word_1_69' title='bbox 313 1333 389 1393; x_wconf 82' lang='lat' dir='ltr'><strong>Tilii</strong></span> <span class='ocrx_word' id='word_1_70' title='bbox 407 1331 573 1394; x_wconf 87' lang='lat' dir='ltr'><strong>sditionem</strong></span> <span class='ocrx_word' id='word_1_71' title='bbox 589 1334 633 1394; x_wconf 89' lang='lat' dir='ltr'><strong>ita</strong></span> <span class='ocrx_word' id='word_1_72' title='bbox 649 1336 769 1412; x_wconf 78' lang='lat' dir='ltr'><strong>exegit,</strong></span> <span class='ocrx_word' id='word_1_73' title='bbox 783 1341 818 1393; x_wconf 86' lang='lat' dir='ltr'><strong>ut</strong></span> <span class='ocrx_word' id='word_1_74' title='bbox 831 1333 969 1406; x_wconf 75' lang='lat' dir='ltr'><strong>relictis,</strong></span> <span class='ocrx_word' id='word_1_75' title='bbox 979 1353 1060 1414; x_wconf 83' lang='lat' dir='ltr'><strong>qnae</strong></span> 
     </span>
     <span class='ocr_line' id='line_1_12' title="bbox 150 1431 1060 1508; baseline 0.004 -20"><span class='ocrx_word' id='word_1_76' title='bbox 150 1431 238 1491; x_wconf 87' lang='lat' dir='ltr'><strong>illum</strong></span> <span class='ocrx_word' id='word_1_77' title='bbox 258 1437 343 1490; x_wconf 82' lang='lat' dir='ltr'><strong>recte</strong></span> <span class='ocrx_word' id='word_1_78' title='bbox 358 1434 522 1494; x_wconf 83' lang='lat' dir='ltr'><strong>nouauisae</strong></span> <span class='ocrx_word' id='word_1_79' title='bbox 540 1432 707 1508; x_wconf 87' lang='lat' dir='ltr'><strong>indicaret,</strong></span> <span class='ocrx_word' id='word_1_80' title='bbox 729 1436 762 1494; x_wconf 91' lang='lat' dir='ltr'><strong>in</strong></span> <span class='ocrx_word' id='word_1_81' title='bbox 782 1433 986 1494; x_wconf 84' lang='lat' dir='ltr'><strong>adscribenda</strong></span> <span class='ocrx_word' id='word_1_82' title='bbox 1006 1455 1060 1493; x_wconf 77' lang='lat' dir='ltr'><strong>no-</strong></span> 
     </span>
     <span class='ocr_line' id='line_1_13' title="bbox 152 1530 1061 1612; baseline 0.007 -24"><span class='ocrx_word' id='word_1_83' title='bbox 152 1530 297 1602; x_wconf 81' lang='lat' dir='ltr'><strong>tabiliora</strong></span> <span class='ocrx_word' id='word_1_84' title='bbox 317 1532 456 1592; x_wconf 83' lang='lat' dir='ltr'><strong>lectionis</strong></span> <span class='ocrx_word' id='word_1_85' title='bbox 474 1535 627 1594; x_wconf 87' lang='lat' dir='ltr'><strong>uarietate</strong></span> <span class='ocrx_word' id='word_1_86' title='bbox 646 1535 833 1596; x_wconf 81' lang='lat' dir='ltr'><strong>subsisteret.</strong></span> <span class='ocrx_word' id='word_1_87' title='bbox 866 1532 971 1612; x_wconf 74' lang='lat' dir='ltr'><strong>Quare</strong></span> <span class='ocrx_word' id='word_1_88' title='bbox 993 1553 1061 1594; x_wconf 83' lang='lat' dir='ltr'><strong>cnm</strong></span> 
     </span>
     <span class='ocr_line' id='line_1_14' title="bbox 151 1631 1059 1716; baseline 0.01 -27"><span class='ocrx_word' id='word_1_89' title='bbox 151 1631 183 1690; x_wconf 91' lang='lat' dir='ltr'><strong>in</strong></span> <span class='ocrx_word' id='word_1_90' title='bbox 198 1631 348 1692; x_wconf 90' lang='lat' dir='ltr'><strong>Vaticano</strong></span> <span class='ocrx_word' id='word_1_91' title='bbox 364 1636 549 1714; x_wconf 77' lang='lat' dir='ltr'><strong>reperiatur,</strong></span> <span class='ocrx_word' id='word_1_92' title='bbox 571 1633 723 1716; x_wconf 79' lang='lat' dir='ltr'><strong>quidquid</strong></span> <span class='ocrx_word' id='word_1_93' title='bbox 739 1633 882 1696; x_wconf 81' lang='lat' dir='ltr'><strong>Ouiacins</strong></span> <span class='ocrx_word' id='word_1_94' title='bbox 898 1634 961 1716; x_wconf 86' lang='lat' dir='ltr'><strong>(ed.</strong></span> <span class='ocrx_word' id='word_1_95' title='bbox 979 1632 1059 1712; x_wconf 79' lang='lat'>1586)</span> 
     </span>
     <span class='ocr_line' id='line_1_15' title="bbox 151 1731 1060 1817; baseline 0.003 -25"><span class='ocrx_word' id='word_1_96' title='bbox 151 1731 241 1792; x_wconf 86' lang='lat' dir='ltr'><strong>aliter</strong></span> <span class='ocrx_word' id='word_1_97' title='bbox 268 1754 305 1794; x_wconf 86' lang='lat' dir='ltr'><strong>ac</strong></span> <span class='ocrx_word' id='word_1_98' title='bbox 332 1735 433 1796; x_wconf 82' lang='lat' dir='ltr'><strong>Tilias</strong></span> <span class='ocrx_word' id='word_1_99' title='bbox 463 1737 604 1810; x_wconf 82' lang='lat' dir='ltr'><strong>exhibet,</strong></span> <span class='ocrx_word' id='word_1_100' title='bbox 629 1735 790 1816; x_wconf 76' lang='lat' dir='ltr'><strong>probabile</strong></span> <span class='ocrx_word' id='word_1_101' title='bbox 816 1747 863 1798; x_wconf 89' lang='lat' dir='ltr'><strong>est</strong></span> <span class='ocrx_word' id='word_1_102' title='bbox 891 1757 944 1810; x_wconf 84' lang='lat' dir='ltr'><strong>ea,</strong></span> <span class='ocrx_word' id='word_1_103' title='bbox 980 1755 1060 1817; x_wconf 86' lang='lat' dir='ltr'><strong>quae</strong></span> 
     </span>
     <span class='ocr_line' id='line_1_16' title="bbox 149 1835 1060 1918; baseline 0.004 -25"><span class='ocrx_word' id='word_1_104' title='bbox 149 1843 280 1916; x_wconf 84' lang='lat' dir='ltr'><strong>atraque</strong></span> <span class='ocrx_word' id='word_1_105' title='bbox 303 1835 398 1912; x_wconf 82' lang='lat' dir='ltr'><strong>editio</strong></span> <span class='ocrx_word' id='word_1_106' title='bbox 423 1839 541 1918; x_wconf 88' lang='lat' dir='ltr'><strong>pariter</strong></span> <span class='ocrx_word' id='word_1_107' title='bbox 563 1859 583 1897; x_wconf 89' lang='lat' dir='ltr'><strong>a</strong></span> <span class='ocrx_word' id='word_1_108' title='bbox 605 1838 758 1900; x_wconf 81' lang='lat' dir='ltr'><strong>Vaticano</strong></span> <span class='ocrx_word' id='word_1_109' title='bbox 779 1839 882 1899; x_wconf 86' lang='lat' dir='ltr'><strong>aliena</strong></span> <span class='ocrx_word' id='word_1_110' title='bbox 902 1838 1012 1910; x_wconf 86' lang='lat' dir='ltr'><strong>refert,</strong></span> <span class='ocrx_word' id='word_1_111' title='bbox 1042 1856 1060 1897; x_wconf 90' lang='lat' dir='ltr'><strong>e</strong></span> 
     </span>
     <span class='ocr_line' id='line_1_17' title="bbox 151 1935 1060 2018; baseline 0.004 -26"><span class='ocrx_word' id='word_1_112' title='bbox 151 1935 229 1993; x_wconf 73' lang='lat' dir='ltr'><strong>&#39;I&#39;ilii</strong></span> <span class='ocrx_word' id='word_1_113' title='bbox 253 1936 376 2012; x_wconf 80' lang='lat' dir='ltr'><strong>ingenio</strong></span> <span class='ocrx_word' id='word_1_114' title='bbox 406 1937 543 1997; x_wconf 81' lang='lat' dir='ltr'><strong>fluxisse.</strong></span> <span class='ocrx_word' id='word_1_115' title='bbox 585 1939 697 2018; x_wconf 82' lang='lat' dir='ltr'><strong>Neque</strong></span> <span class='ocrx_word' id='word_1_116' title='bbox 718 1941 834 2014; x_wconf 82' lang='lat' dir='ltr'><strong>obstet,</strong></span> <span class='ocrx_word' id='word_1_117' title='bbox 863 1937 945 2018; x_wconf 84' lang='lat' dir='ltr'><strong>qnod</strong></span> <span class='ocrx_word' id='word_1_118' title='bbox 967 1937 1060 1998; x_wconf 79' lang='lat' dir='ltr'><strong>Ouia·</strong></span> 
     </span>
     <span class='ocr_line' id='line_1_18' title="bbox 43 2033 1060 2116; baseline 0.004 -23"><span class='ocrx_word' id='word_1_119' title='bbox 43 2073 46 2081; x_wconf 88' lang='lat'>·</span> <span class='ocrx_word' id='word_1_120' title='bbox 151 2037 218 2095; x_wconf 88' lang='lat' dir='ltr'><strong>cius</strong></span> <span class='ocrx_word' id='word_1_121' title='bbox 247 2033 379 2096; x_wconf 80' lang='lat' dir='ltr'><strong>subinde</strong></span> <span class='ocrx_word' id='word_1_122' title='bbox 406 2055 533 2116; x_wconf 82' lang='lat' dir='ltr'><strong>prauam</strong></span> <span class='ocrx_word' id='word_1_123' title='bbox 560 2039 636 2098; x_wconf 80' lang='lat' dir='ltr'><strong>&#39;Pilii</strong></span> <span class='ocrx_word' id='word_1_124' title='bbox 663 2039 829 2100; x_wconf 89' lang='lat' dir='ltr'><strong>lectionem</strong></span> <span class='ocrx_word' id='word_1_125' title='bbox 852 2036 959 2110; x_wconf 79' lang='lat' dir='ltr'><strong>tradit,</strong></span> <span class='ocrx_word' id='word_1_126' title='bbox 991 2057 1060 2098; x_wconf 86' lang='lat' dir='ltr'><strong>cum</strong></span> 
     </span>
     <span class='ocr_line' id='line_1_19' title="bbox 148 2137 1128 2220; baseline 0.003 -23"><span class='ocrx_word' id='word_1_127' title='bbox 148 2137 183 2197; x_wconf 87' lang='lat' dir='ltr'><strong>ia</strong></span> <span class='ocrx_word' id='word_1_128' title='bbox 197 2138 348 2199; x_wconf 83' lang='lat' dir='ltr'><strong>Vaticano</strong></span> <span class='ocrx_word' id='word_1_129' title='bbox 361 2153 469 2198; x_wconf 76' lang='lat' dir='ltr'><strong>nemun</strong></span> <span class='ocrx_word' id='word_1_130' title='bbox 486 2143 678 2220; x_wconf 84' lang='lat' dir='ltr'><strong>cbmpareat:</strong></span> <span class='ocrx_word' id='word_1_131' title='bbox 699 2141 758 2201; x_wconf 86' lang='lat' dir='ltr'><strong>nisi</strong></span> <span class='ocrx_word' id='word_1_132' title='bbox 779 2141 858 2201; x_wconf 80' lang='lat' dir='ltr'><strong>forte</strong></span> <span class='ocrx_word' id='word_1_133' title='bbox 877 2138 1059 2200; x_wconf 78' lang='lat' dir='ltr'><strong>incredibile</strong></span> <span class='ocrx_word' id='word_1_134' title='bbox 1126 2184 1128 2188; x_wconf 88' lang='lat'>-</span> 
     </span>
     <span class='ocr_line' id='line_1_20' title="bbox 150 2233 1062 2320; baseline 0.001 -22"><span class='ocrx_word' id='word_1_135' title='bbox 150 2247 211 2312; x_wconf 86' lang='lat' dir='ltr'><strong>eat,</strong></span> <span class='ocrx_word' id='word_1_136' title='bbox 233 2241 326 2300; x_wconf 87' lang='lat' dir='ltr'><strong>etiam</strong></span> <span class='ocrx_word' id='word_1_137' title='bbox 348 2239 507 2302; x_wconf 78' lang='lat' dir='ltr'><strong>Oniacium</strong></span> <span class='ocrx_word' id='word_1_138' title='bbox 531 2241 697 2320; x_wconf 86' lang='lat' dir='ltr'><strong>aliquando</strong></span> <span class='ocrx_word' id='word_1_139' title='bbox 721 2233 911 2304; x_wconf 84' lang='lat' dir='ltr'><strong>dormitasse.</strong></span> <span class='ocrx_word' id='word_1_140' title='bbox 955 2241 1062 2300; x_wconf 76' lang='lat' dir='ltr'><strong>Emori</strong></span> 
     </span>
     <span class='ocr_line' id='line_1_21' title="bbox 149 2335 1061 2424; baseline 0.004 -27"><span class='ocrx_word' id='word_1_141' title='bbox 149 2338 273 2420; x_wconf 88' lang='lat' dir='ltr'><strong>quidem</strong></span> <span class='ocrx_word' id='word_1_142' title='bbox 300 2338 421 2403; x_wconf 77' lang='lat' dir='ltr'><strong>Ouiacii</strong></span> <span class='ocrx_word' id='word_1_143' title='bbox 448 2340 598 2418; x_wconf 79' lang='lat' dir='ltr'><strong>attribuo,</strong></span> <span class='ocrx_word' id='word_1_144' title='bbox 628 2335 709 2424; x_wconf 78' lang='lat' dir='ltr'><strong>quod</strong></span> <span class='ocrx_word' id='word_1_145' title='bbox 734 2345 781 2403; x_wconf 87' lang='lat' dir='ltr'><strong>tit.</strong></span> <span class='ocrx_word' id='word_1_146' title='bbox 803 2341 853 2404; x_wconf 90' lang='lat' dir='ltr'><strong>XI</strong></span> <span class='ocrx_word' id='word_1_147' title='bbox 881 2353 914 2406; x_wconf 84' lang='lat'><strong>19</strong></span> <span class='ocrx_word' id='word_1_148' title='bbox 944 2361 961 2402; x_wconf 85' lang='lat' dir='ltr'><strong>e</strong></span> <span class='ocrx_word' id='word_1_149' title='bbox 985 2343 1061 2403; x_wconf 75' lang='lat' dir='ltr'><strong>&#39;I&#39;ilii</strong></span> 
     </span>
     <span class='ocr_line' id='line_1_22' title="bbox 149 2440 1177 2523; baseline 0.002 -23"><span class='ocrx_word' id='word_1_150' title='bbox 149 2440 287 2502; x_wconf 85' lang='lat' dir='ltr'><strong>editione</strong></span> <span class='ocrx_word' id='word_1_151' title='bbox 315 2446 413 2502; x_wconf 81' lang='lat' dir='ltr'><strong>Latino</strong></span> <span class='ocrx_word' id='word_1_152' title='bbox 440 2444 575 2523; x_wconf 85' lang='lat' dir='ltr'><strong>recepit,</strong></span> <span class='ocrx_word' id='word_1_153' title='bbox 611 2461 679 2504; x_wconf 86' lang='lat' dir='ltr'><strong>cum</strong></span> <span class='ocrx_word' id='word_1_154' title='bbox 705 2445 738 2504; x_wconf 91' lang='lat' dir='ltr'><strong>in</strong></span> <span class='ocrx_word' id='word_1_155' title='bbox 756 2445 918 2505; x_wconf 83' lang='lat' dir='ltr'><strong>&#39;Vaticano</strong></span> <span class='ocrx_word' id='word_1_156' title='bbox 946 2444 1060 2504; x_wconf 81' lang='lat' dir='ltr'><strong>rectius</strong></span> <span class='ocrx_word' id='word_1_157' title='bbox 1168 2501 1177 2520; x_wconf 68' lang='grc'><em>,</em></span> 
     </span>
     <span class='ocr_line' id='line_1_23' title="bbox 148 2539 1061 2622; baseline 0.004 -24"><span class='ocrx_word' id='word_1_158' title='bbox 148 2540 270 2618; x_wconf 86' lang='lat' dir='ltr'><strong>legatur</strong></span> <span class='ocrx_word' id='word_1_159' title='bbox 292 2543 423 2616; x_wconf 77' lang='lat' dir='ltr'><strong>Latinae,</strong></span> <span class='ocrx_word' id='word_1_160' title='bbox 445 2563 547 2622; x_wconf 84' lang='lat' dir='ltr'><strong>neque</strong></span> <span class='ocrx_word' id='word_1_161' title='bbox 567 2545 660 2603; x_wconf 84' lang='lat' dir='ltr'><strong>aliam</strong></span> <span class='ocrx_word' id='word_1_162' title='bbox 676 2545 827 2604; x_wconf 86' lang='lat' dir='ltr'><strong>rationem</strong></span> <span class='ocrx_word' id='word_1_163' title='bbox 844 2544 954 2616; x_wconf 86' lang='lat' dir='ltr'><strong>habet,</strong></span> <span class='ocrx_word' id='word_1_164' title='bbox 978 2539 1061 2622; x_wconf 87' lang='lat' dir='ltr'><strong>quod</strong></span> 
     </span>
     <span class='ocr_line' id='line_1_24' title="bbox 148 2639 1060 2724; baseline 0.004 -24"><span class='ocrx_word' id='word_1_165' title='bbox 148 2641 195 2701; x_wconf 85' lang='lat' dir='ltr'><strong>tit.</strong></span> <span class='ocrx_word' id='word_1_166' title='bbox 218 2639 343 2706; x_wconf 80' lang='lat' dir='ltr'><strong>XIX-l</strong></span> <span class='ocrx_word' id='word_1_167' title='bbox 370 2663 432 2702; x_wconf 89' lang='lat' dir='ltr'><strong>non</strong></span> <span class='ocrx_word' id='word_1_168' title='bbox 451 2641 546 2702; x_wconf 83' lang='lat' dir='ltr'><strong>demit</strong></span> <span class='ocrx_word' id='word_1_169' title='bbox 568 2653 594 2704; x_wconf 82' lang='lat' dir='ltr'><strong>ei</strong></span> <span class='ocrx_word' id='word_1_170' title='bbox 620 2643 817 2724; x_wconf 79' lang='lat' dir='ltr'><strong>particulam,</strong></span> <span class='ocrx_word' id='word_1_171' title='bbox 848 2663 939 2724; x_wconf 83' lang='lat' dir='ltr'><strong>qnam</strong></span> <span class='ocrx_word' id='word_1_172' title='bbox 958 2643 1060 2704; x_wconf 76' lang='lat' dir='ltr'><strong>&#39;Pilius</strong></span> 
     </span>
     <span class='ocr_line' id='line_1_25' title="bbox 147 2741 1060 2822; baseline 0.002 -20"><span class='ocrx_word' id='word_1_173' title='bbox 147 2745 221 2804; x_wconf 80' lang='lat' dir='ltr'><strong>sine&#39;</strong></span> <span class='ocrx_word' id='word_1_174' title='bbox 233 2741 348 2804; x_wconf 86' lang='lat' dir='ltr'><strong>codicia</strong></span> <span class='ocrx_word' id='word_1_175' title='bbox 360 2741 544 2804; x_wconf 77' lang='lat' dir='ltr'><strong>anctoritate</strong></span> <span class='ocrx_word' id='word_1_176' title='bbox 558 2753 630 2805; x_wconf 87' lang='lat' dir='ltr'><strong>ante</strong></span> <span class='ocrx_word' id='word_1_177' title='bbox 642 2749 832 2822; x_wconf 78' lang='lat' dir='ltr'><strong>aquaeductus</strong></span> <span class='ocrx_word' id='word_1_178' title='bbox 842 2747 971 2807; x_wconf 82' lang='lat' dir='ltr'><strong>inuexit.</strong></span> <span class='ocrx_word' id='word_1_179' title='bbox 996 2743 1060 2806; x_wconf 80' lang='lat' dir='ltr'><strong>Sed</strong></span> 
     </span>
     <span class='ocr_line' id='line_1_26' title="bbox 148 2843 1060 2926; baseline 0.003 -23"><span class='ocrx_word' id='word_1_180' title='bbox 148 2846 229 2904; x_wconf 84' lang='lat' dir='ltr'><strong>aliae</strong></span> <span class='ocrx_word' id='word_1_181' title='bbox 240 2843 470 2926; x_wconf 79' lang='lat' dir='ltr'><strong>discrepantiae</strong></span> <span class='ocrx_word' id='word_1_182' title='bbox 482 2863 521 2904; x_wconf 86' lang='lat' dir='ltr'><strong>ex</strong></span> <span class='ocrx_word' id='word_1_183' title='bbox 534 2843 809 2908; x_wconf 83' lang='lat' dir='ltr'><strong>Obsernationibns</strong></span> <span class='ocrx_word' id='word_1_184' title='bbox 820 2846 940 2908; x_wconf 82' lang='lat' dir='ltr'><strong>Ouiacii</strong></span> <span class='ocrx_word' id='word_1_185' title='bbox 951 2854 1060 2926; x_wconf 86' lang='lat' dir='ltr'><strong>petun-</strong></span> 
     </span>
     <span class='ocr_line' id='line_1_27' title="bbox 146 2945 1060 3028; baseline 0 -23"><span class='ocrx_word' id='word_1_186' title='bbox 146 2953 211 3020; x_wconf 80' lang='lat' dir='ltr'><strong>tur,</strong></span> <span class='ocrx_word' id='word_1_187' title='bbox 239 2965 320 3028; x_wconf 83' lang='lat' dir='ltr'><strong>qnae</strong></span> <span class='ocrx_word' id='word_1_188' title='bbox 345 2953 447 3007; x_wconf 85' lang='lat' dir='ltr'><strong>tamen</strong></span> <span class='ocrx_word' id='word_1_189' title='bbox 474 2945 575 3005; x_wconf 84' lang='lat' dir='ltr'><strong>¹nihilo</strong></span> <span class='ocrx_word' id='word_1_190' title='bbox 603 2947 700 3024; x_wconf 85' lang='lat' dir='ltr'><strong>magis</strong></span> <span class='ocrx_word' id='word_1_191' title='bbox 724 2948 896 3009; x_wconf 85' lang='lat' dir='ltr'><strong>diuersitati</strong></span> <span class='ocrx_word' id='word_1_192' title='bbox 920 2947 1060 3008; x_wconf 89' lang='lat' dir='ltr'><strong>codicum</strong></span> 
     </span>
     <span class='ocr_line' id='line_1_28' title="bbox 147 3045 1059 3126; baseline 0.001 -21"><span class='ocrx_word' id='word_1_193' title='bbox 147 3045 268 3122; x_wconf 80' lang='lat' dir='ltr'><strong>fauent,</strong></span> <span class='ocrx_word' id='word_1_194' title='bbox 288 3065 356 3106; x_wconf 79' lang='lat' dir='ltr'><strong>cam</strong></span> <span class='ocrx_word' id='word_1_195' title='bbox 373 3045 519 3123; x_wconf 74' lang='lat' dir='ltr'><strong>Ouiacius</strong></span> <span class='ocrx_word' id='word_1_196' title='bbox 534 3046 655 3126; x_wconf 78' lang='lat' dir='ltr'><strong>longius</strong></span> <span class='ocrx_word' id='word_1_197' title='bbox 674 3049 796 3110; x_wconf 82' lang='lat' dir='ltr'><strong>abesset</strong></span> <span class='ocrx_word' id='word_1_198' title='bbox 816 3049 855 3108; x_wconf 86' lang='lat' dir='ltr'><strong>ab</strong></span> <span class='ocrx_word' id='word_1_199' title='bbox 872 3069 911 3109; x_wconf 87' lang='lat' dir='ltr'><strong>ea</strong></span> <span class='ocrx_word' id='word_1_200' title='bbox 926 3047 1059 3109; x_wconf 82' lang='lat' dir='ltr'><strong>sollicita</strong></span> 
     </span>
     <span class='ocr_line' id='line_1_29' title="bbox 148 3147 1081 3229; baseline 0.003 -25"><span class='ocrx_word' id='word_1_201' title='bbox 148 3163 230 3222; x_wconf 79' lang='lat' dir='ltr'><strong>caro,</strong></span> <span class='ocrx_word' id='word_1_202' title='bbox 252 3168 314 3229; x_wconf 83' lang='lat' dir='ltr'><strong>qua</strong></span> <span class='ocrx_word' id='word_1_203' title='bbox 328 3148 421 3209; x_wconf 89' lang='lat' dir='ltr'><strong>hodie</strong></span> <span class='ocrx_word' id='word_1_204' title='bbox 438 3149 571 3208; x_wconf 85' lang='lat' dir='ltr'><strong>solemus</strong></span> <span class='ocrx_word' id='word_1_205' title='bbox 588 3147 725 3210; x_wconf 91' lang='lat' dir='ltr'><strong>codicum</strong></span> <span class='ocrx_word' id='word_1_206' title='bbox 738 3150 915 3210; x_wconf 86' lang='lat' dir='ltr'><strong>testimonia</strong></span> <span class='ocrx_word' id='word_1_207' title='bbox 929 3147 1060 3229; x_wconf 86' lang='lat' dir='ltr'><strong>perscri-</strong></span> <span class='ocrx_word' id='word_1_208' title='bbox 1078 3167 1081 3170; x_wconf 86' lang='lat'>·</span> 
     </span>
     <span class='ocr_line' id='line_1_30' title="bbox 148 3245 1059 3332; baseline 0.005 -27"><span class='ocrx_word' id='word_1_209' title='bbox 148 3245 231 3307; x_wconf 91' lang='lat' dir='ltr'><strong>bere.</strong></span> <span class='ocrx_word' id='word_1_210' title='bbox 257 3249 306 3313; x_wconf 87' lang='lat' dir='ltr'><strong>lta</strong></span> <span class='ocrx_word' id='word_1_211' title='bbox 319 3251 394 3328; x_wconf 81' lang='lat' dir='ltr'><strong>ipsis</strong></span> <span class='ocrx_word' id='word_1_212' title='bbox 409 3250 524 3310; x_wconf 87' lang='lat' dir='ltr'><strong>codicis</strong></span> <span class='ocrx_word' id='word_1_213' title='bbox 535 3250 717 3311; x_wconf 86' lang='lat' dir='ltr'><strong>lectionibus</strong></span> <span class='ocrx_word' id='word_1_214' title='bbox 732 3267 958 3332; x_wconf 72' lang='lat' dir='ltr'><strong>nonnumquam</strong></span> <span class='ocrx_word' id='word_1_215' title='bbox 973 3269 1059 3312; x_wconf 87' lang='lat' dir='ltr'><strong>suam</strong></span> 
     </span>
     <span class='ocr_line' id='line_1_31' title="bbox 148 3347 1060 3426; baseline 0.007 -22"><span class='ocrx_word' id='word_1_216' title='bbox 148 3347 284 3426; x_wconf 80' lang='lat' dir='ltr'><strong>aliquam</strong></span> <span class='ocrx_word' id='word_1_217' title='bbox 306 3352 527 3412; x_wconf 71' lang='lat' dir='ltr'><strong>annectionem</strong></span> <span class='ocrx_word' id='word_1_218' title='bbox 548 3351 712 3425; x_wconf 85' lang='lat' dir='ltr'><strong>immiscet,</strong></span> <span class='ocrx_word' id='word_1_219' title='bbox 742 3360 796 3412; x_wconf 84' lang='lat' dir='ltr'><strong>ant</strong></span> <span class='ocrx_word' id='word_1_220' title='bbox 820 3352 864 3410; x_wconf 83' lang='lat' dir='ltr'><strong>ita</strong></span> <span class='ocrx_word' id='word_1_221' title='bbox 884 3351 1060 3419; x_wconf 81' lang='lat' dir='ltr'><strong>testimonia</strong></span> 
     </span>
     <span class='ocr_line' id='line_1_32' title="bbox 146 3448 1057 3532; baseline 0.002 -24"><span class='ocrx_word' id='word_1_222' title='bbox 146 3448 252 3521; x_wconf 80' lang='lat' dir='ltr'><strong>effert,</strong></span> <span class='ocrx_word' id='word_1_223' title='bbox 272 3457 386 3510; x_wconf 81' lang='lat' dir='ltr'><strong>utnon</strong></span> <span class='ocrx_word' id='word_1_224' title='bbox 407 3461 489 3513; x_wconf 87' lang='lat' dir='ltr'><strong>certo</strong></span> <span class='ocrx_word' id='word_1_225' title='bbox 506 3454 716 3514; x_wconf 84' lang='lat' dir='ltr'><strong>internoscere</strong></span> <span class='ocrx_word' id='word_1_226' title='bbox 738 3453 854 3532; x_wconf 85' lang='lat' dir='ltr'><strong>possis,</strong></span> <span class='ocrx_word' id='word_1_227' title='bbox 877 3451 951 3532; x_wconf 88' lang='lat' dir='ltr'><strong>quid</strong></span> <span class='ocrx_word' id='word_1_228' title='bbox 974 3471 1057 3512; x_wconf 89' lang='lat' dir='ltr'><strong>eco-</strong></span> 
     </span>
    </p>
   </div>
   <div class='ocr_carea' id='block_1_3' title="bbox 0 0 1258 3980">
    <p class='ocr_par' dir='ltr' id='par_1_3' title="bbox 0 0 1258 3980">
     <span class='ocr_line' id='line_1_33' title="bbox 0 0 1258 3980; baseline 0 2"><span class='ocrx_word' id='word_1_229' title='bbox 0 0 1258 3980; x_wconf 95' lang='lat' dir='ltr'><strong> </strong></span> 
     </span>
    </p>
   </div>
  </div>
 </body>
</html>
