2506 3980
467 269 610 317 VLPIANI
627 270 639 315 1
669 267 776 322 7—10
1052 259 1070 317 5

173 425 356 498 missisunt,
378 425 410 485 id
425 435 471 492 est
482 425 619 487 uindicta
634 434 688 486 aut
701 442 795 491 censu
810 437 862 487 aut
882 434 1072 500 testamento,

171 509 258 570 nullo
280 511 345 568 iure
369 510 555 589 inpediente.

258 592 276 650 7
300 579 446 656 Vindicii
467 617 559 656 manu
579 597 738 656 mittuntur
760 595 841 675 apud
854 598 1072 674 magistratum,

171 678 259 738 uelut
285 676 451 758 consulein,
486 681 696 760 proconsulem
726 691 946 759 praetoremue.
1054 677 1072 740 8
1109 745 1111 753 ¹

145 761 275 822 ellenon
300 784 390 824 manu
416 767 613 826 mittebantur
641 766 727 840 olim,
756 767 809 844 qui
836 767 954 825 lustrali
981 783 1073 824 censu

170 847 285 907 Romae
307 849 389 910 iussu
416 849 602 910 dominorum
621 840 700 911 inter
732 851 815 910 ciues
828 850 982 930 Romanos
1003 868 1072 908 cen·

170 951 235 991 sum
249 934 477 1011 profitebantur.
567 934 586 994 9
603 937 647 996 Ut
671 944 852 995 testamento
878 935 1075 994 manumissi

169 1015 258 1076 liberi
294 1019 368 1092 sint,
397 1018 448 1078 lex
479 1018 638 1080 duodecim
669 1020 841 1080 tabularum
872 1020 980 1094 facit,
995 1038 1074 1097 quae

170 1098 536 1167 confirmat'testamenta.
844 1160 846 1166 ,
929 1143 931 1146 -
961 1177 964 1183 ,

129 1193 161 1245 10
257 1186 296 1246 to
318 1187 420 1248 Hodie
443 1198 544 1249 autem
570 1191 636 1269 ipso
655 1191 719 1249 iure
740 1189 830 1249 liberi
851 1186 920 1248 sunt
942 1207 981 1246 ex
1003 1187 1073 1263 lege

168 1270 272 1345 Iunia,
302 1292 364 1352 que
384 1271 454 1350 lege
475 1274 580 1334 Latini
606 1264 873 1337 sunt'nominetim
895 1273 974 1333 inter
1001 1271 1073 1330 emi·

171 1374 221 1414 cos
243 1375 335 1415 manu
355 1359 449 1417 missi.
471 1371 476 1428 ι
979 1354 981 1360 ’

225 1468 239 1512 8
254 1465 266 1504 8
286 1464 356 1524 Censu
374 1477 440 1524 manu
454 1466 597 1506 mittebantur
613 1467 675 1520 olim]
694 1465 782 1508 Praeter
796 1465 889 1515 morem,
905 1477 969 1524 quem
982 1461 1073 1522 illorum-

172 1527 239 1556 senus
257 1520 339 1556 rnuestr
371 1520 418 1565 uit,
436 1517 548 1558 breuistor
566 1517 593 1557 dc
612 1518 660 1558 iure
678 1518 777 1562 obsoleto
795 1517 896 1558 notitiam
915 1527 939 1558 ιη
958 1518 1075 1568 epitomem

169 1565 261 1618 recepit.
290 1565 322 1606 Cf.
339 1527 467 1608 ddschenus
490 1566 597 1608 Zeitschr.
616 1567 632 1609 l.
648 1568 724 1621 gesch.
739 1568 765 1608 R.
780 1567 817 1607 W.
833 1567 931 1618 111269).

223 1620 237 1667 8
251 1619 276 1659 10
294 1619 408 1658 confirmst
426 1623 563 1660 testamenta.
592 1617 746 1710 HodiepiCasu
764 1623 802 1659 eut
813 1618 898 1662 librarii
910 1621 1001 1709 peccato
1017 1613 1074 1655 nihil

171 1669 216 1710 nisi
230 1673 271 1709 tta
277 1675 333 1760 ¹post
347 1668 501 1711 confirmet
518 1669 639 1711 intercidit.
687 1668 770 1720 olicus,
792 1681 851 1723 quae,
861 1669 908 1710 desi
925 1667 1033 1726 moueris,
1047 1664 1075 1706 ad

169 1722 204 1760 ius
213 1721 275 1780 vobso
287 1726 344 1761 etum
363 1721 507 1782 pertinentis·
517 1720 652 1774 excerptoris
667 1721 790 1782 consilium·
803 1720 885 1762 omisit.
912 1718 1005 1773 leianr
1024 1728 1074 1757 sen-

169 1777 262 1812 tentiam
277 1777 328 1825 post
341 1772 397 1812 elios
411 1773 518 1813 indicamt
530 1772 686 1814 Mommsenus.
713 1772 771 1814 Vide
784 1771 850 1812 mira.

755 1833 762 1854 l

171 1878 248 1935 sunt,
268 1873 297 1922 id
315 1879 357 1922 est
375 1874 497 1924 uindicta
507 1880 554 1925 aut
565 1888 647 1926 censu
660 1879 707 1925 aut
715 1880 736 1926 t.
748 1891 775 1925 n.
789 1876 808 1925 i.
823 1873 987 1940 impediente
995 1870 1076 1920 Solia-

171 1943 269 2005 linpius.
290 1942 329 2004 Of.
348 1941 426 1992 Gall
443 1946 476 1991 17
487 1933 566 1993 ‘taeta
575 1959 607 1994 ac
624 1947 730 2008 legitima
742 1945 935 1994 manumissione
947 1941 1075 2020 liberetur}

173 2011 201 2060 id
217 2017 256 2060 est
271 2010 383 2060 uindicta
403 2019 448 2061 aut
465 2027 540 2061 censa
557 2019 603 2061 aot
619 2016 797 2076 testamentare
813 2012 1008 2061 daialtomanus
1023 2011 1062 2071 fil.

240 2078 256 2130 3
275 2080 465 2145 magistratum
483 2081 559 2131 uelut
578 2081 729 2144 consulem,
756 2079 944 2149 proconsulem
966 2082 1074 2144 praeto-

164 2164 262 2210 ·rorpue
281 2149 356 2215 Hopo
374 2149 398 2203 Ι.
417 2150 444 2200 0.
464 2150 500 2204 A.
517 2165 547 2213 p.
567 2153 657 2214 1603,
676 2150 842 2201 Mooansenas
858 2147 967 2213 (Stadlr.
979 2165 1004 2202 a.
1016 2145 1074 2196 Sal-

166 2233 250 2280 pensa
268 2235 292 2272 a.
313 2218 421 2269 Malaca
433 2235 463 2282 p.
484 2222 538 2268 345
554 2218 618 2284 eq.).
642 2217 805 2286 magistratu
821 2217 921 2286 pturim
941 2233 976 2269 ue
998 2215 1074 2267 uelut

170 2285 281 2338 eonmle
294 2289 482 2354 proconsulem
501 2291 563 2339 Vat.
581 2289 758 2349 calamariae,
778 2290 826 2340 sed
841 2289 927 2339 eadem
942 2303 986 2338 ra.
998 2285 1079 2337 uelut

168 2359 194 2406 ia
208 2361 328 2423 maraine.
340 2359 545 2424 magistratum,
558 2358 635 2409 uelut
646 2359 815 2422 Praetorem,
834 2357 990 2418 Consulem,
1009 2355 1074 2407 Pro·

170 2426 307 2477 consulem
318 2429 358 2478 ed.
368 2431 450 2490 princ.
470 2428 659 2494 magistratum
671 2428 765 2494 populi
775 2427 891 2478 Romani
898 2435 912 2489 ,²
924 2426 1000 2476 uelut
1011 2439 1074 2476 aon·

170 2495 255 2546 sulem
272 2501 460 2560 praetoremue
478 2497 523 2547 uel
540 2497 728 2561 proconsulem
739 2496 914 2546 Lachmanaua
981 2496 997 2545 5
1014 2494 1075 2544 mit-

170 2564 312 2625 tebantur,
339 2566 385 2628 qai
408 2565 472 2615 olim
489 2567 614 2625 Laenius,
636 2566 671 2629 cf.
689 2567 850 2615 Zinoamniue
872 2562 971 2627 (aeaco.
995 2565 1020 2615 d.
1038 2563 1071 2613 R.

169 2633 244 2685 Pria.
272 2633 304 2683 R.
340 2633 360 2682 I
387 2636 460 2696 716).
500 2633 692 2696 mittebantur,
730 2633 793 2686 olim
813 2633 874 2699 ¹qui
898 2631 1074 2682 Heimboclsias

170 2701 273 2766 (Leipz.
288 2697 392 2764 Repert.
414 2701 555 2752 1843111
571 2717 597 2766 p.
618 2701 702 2767 102)·
769 2701 846 2755 9.10
869 2703 939 2753 Vide
956 2704 1015 2753 arla.
1038 2703 1075 2752 ad

166 2787 195 2834 p.
217 2773 244 2831 3,
265 2775 290 2821 1.
310 2769 452 2820 confirmat
468 2775 644 2823 testamenta.
662 2773 756 2822 Latini
773 2778 836 2824 sunt
848 2771 947 2832 liberti,
966 2773 1013 2838 qui
1025 2787 1073 2822 uo-

169 2839 276 2892 luntate
298 2841 400 2895 domini
423 2842 452 2890 in
475 2840 601 2892 libertate
619 2847 771 2894 morantur:
795 2855 864 2907 quos
884 2842 947 2892 elim
964 2846 1073 2906 praetor

169 2910 242 2961 tueri
265 2906 373 2961 solebat
392 2912 421 2960 in
437 2911 610 2976 possessione
628 2910 776 2962 libertatis:
802 2911 883 2963 hodie
899 2911 1071 2962 Mooeasema.

169 2981 210 3029 De
227 2983 317 3032 latiore
335 2983 426 3031 lacuna
443 2984 600 3046 copilaaerat
617 2981 797 3036 Laclaaannas.
826 2979 967 3031 confirmat
988 2983 1072 3028 testa·

107 3061 111 3074 ¹
169 3053 260 3100 mento
279 3049 358 3101 dates
375 3049 527 3102 libertates.
555 3050 627 3100 Olim
645 3051 724 3102 liberi
745 3067 801 3102 non
818 3054 909 3112 erant,
929 3049 976 3114 qui
994 3047 1073 3098 aliter
1120 3099 1124 3110 ,

171 3131 251 3178 quam
269 3119 403 3182 uindicta,
427 3134 510 3170 censu
532 3119 576 3170 uel
598 3124 762 3171 testamento
780 3135 862 3170 manu
879 3118 1071 3168 mittebantur:

172 3183 251 3236 hodie
269 3189 383 3240 &eladae
400 3191 425 3238 in
444 3194 518 3240 aolb.
542 3187 685 3260 confirmat
705 3210 758 3242 *es
781 3191 856 3241 Inter
871 3188 972 3238 amicos
990 3201 1072 3238 manu

172 3253 246 3304 missi
267 3255 330 3308 olim
352 3273 408 3308 non
432 3263 509 3308 erant
525 3259 585 3323 ipso
606 3259 665 3308 iure
680 3259 773 3322 liberi,
796 3259 844 3322 sed
865 3258 1012 3308 uoluntate*
1025 3257 1071 3306 do·

172 3322 239 3372 mini
256 3326 284 3374 in
301 3326 428 3378 libertate
440 3329 629 3389 morabantur,
650 3333 677 3378 et
696 3344 743 3380 eos
768 3327 872 3380 seruire
885 3343 941 3378 non
961 3326 1071 3392 permit·
1117 3325 1119 3332 '

171 3392 248 3442 tebet
267 3394 393 3446 Praetor:
417 3395 498 3447 hodie
514 3398 579 3448 idem
597 3395 656 3447 Oba.
676 3397 746 3448 XIX
760 3399 796 3448 30
865 3396 896 3447 11
911 3395 1071 3448 nominatim

170 3461 247 3527 Hapo
259 3462 282 3514 l.
294 3462 322 3516 C.
335 3466 368 3518 A.
381 3480 409 3527 p.
418 3469 501 3530 1603,
509 3467 693 3528 hartmannus.
705 3467 857 3518 nominatis
871 3467 898 3517 V
896 3474 930 3519 ul.
938 3467 980 3518 ed.
987 3466 1070 3526 princ.
