2534 3988
372 262 517 314 utemur
535 264 625 314 mrsu.
642 265 721 317 nnn.
743 265 866 320 re-rc
1030 249 1081 318 8²3

586 421 656 472 VIII

155 557 180 589 s
200 557 217 588 a
234 553 252 588 s
273 531 413 604 paratum
437 531 483 584 est
502 524 710 599 interdictum,
734 523 821 585 uelut
848 527 898 586 oui
919 527 964 586 ini
986 555 1003 588 ι
1020 555 1038 588 s
1054 553 1073 588 e

598 676 640 727 IX

143 783 153 828 .;
250 763 303 822 Ius
320 762 411 822 eiulle
434 771 489 836 est,
512 761 596 842 quod
618 783 720 844 neque
742 765 774 824 in
795 771 893 824 totum
906 783 926 822 a
939 761 1080 822 naturali·

129 848 218 906 buel
239 848 375 924 gentium
397 845 516 914 recedit
539 868 598 908 nec
619 867 675 927 per
696 850 796 909 omnia
823 850 853 909 ei
879 848 989 908 seraitz
1016 847 1073 906 ita·

165 951 226 1011 que
247 952 314 992 eum
331 930 452 1011 aliquid
470 931 611 994 addimus
632 922 684 998 del
707 933 893 993 detrahimus
911 933 970 992 iuri
993 949 1074 990 com·

164 1017 257 1090 munt,
273 1018 320 1077 ius
334 1017 488 1096 proprium
502 1017 534 1076 id
550 1027 597 1078 est
611 1018 703 1078 ciuile
719 1019 878 1078 efficimus
965 1014 981 1073 1
1003 1015 1074 1076 Hoc

61 1173 65 1183 Ι
163 1101 258 1178 igitur
281 1103 328 1162 ius
349 1109 485 1170 nostrum
507 1111 627 1164 constet
650 1111 703 1168 aut
731 1122 771 1163 ex
796 1103 910 1181 scripto
931 1110 986 1162 aut
1006 1101 1074 1164 sine

124 1219 129 1242 t
164 1187 294 1265 scripto,
328 1195 363 1245 ut
388 1185 470 1265 apud
499 1187 634 1248 Graecos
663 1191 740 1248 ΤΩΝ
768 1192 900 1248 Nomen
927 1193 977 1246 01-
994 1192 1074 1244 ΜΕΝ

116 1276 154 1328 10
165 1274 366 1339 ΕΓΡΡΑΦΟΙ,
391 1277 431 1328 01
453 1277 501 1328 AF.
522 1279 692 1332 ΔΓΡΑΦΟΙ.
1064 1310 1075 1320 -

609 1417 636 1465 X

252 1511 343 1591 Quod
362 1514 494 1593 principi
507 1515 640 1594 ,placuit
662 1517 742 1595 legis
757 1518 851 1578 habet
862 1517 1006 1594 uigorem,
1026 1523 1074 1574 ut·

163 1601 238 1676 pote
255 1617 322 1656 cum
344 1598 414 1677 lege
435 1599 530 1678 regia,
550 1619 630 1680 quae
653 1601 692 1661 de
714 1603 840 1681 imperio
857 1603 922 1662 eius
939 1599 1004 1660 lata
1019 1607 1075 1674 est,

130 1703 133 1718 ·
163 1682 297 1761 populus
326 1685 355 1743 ei
378 1693 409 1744 et
429 1685 461 1743 in
482 1705 551 1746 eum
573 1705 659 1746 omne
681 1701 769 1748 suum
794 1687 955 1767 Imperium
972 1693 1004 1745 et
1021 1704 1076 1764 po-

5 1765 6 1834 }
117 1772 154 1824 15
164 1776 309 1828 testatem
324 1769 473 1829 conferat.
558 1767 821 1852 teretemque
836 1773 928 1850 igitur
947 1771 1077 1850 impera·

156 1849 212 1916 ¹tor·
231 1872 287 1931 per
309 1853 472 1931 epistulam
493 1865 525 1914 et
544 1855 797 1936 subscriptionem
824 1858 930 1917 statuit
951 1856 1004 1915 uel
1027 1873 1076 1914 co·

165 1956 317 2019 gnoscens
335 1936 474 1997 decreuit
493 1939 546 1998 uel
568 1938 607 1999 de
626 1941 720 2019 plano
738 1940 938 2000 interlocutus
961 1947 1011 2001 est*
1023 1936 1077 1997 uel

167 2024 269 2092 edicto
294 2023 468 2100 praecepit,
498 2023 600 2100 legem
618 2044 697 2085 esse
716 2031 849 2084 constat:
885 2024 965 2083 haec
995 2029 1092 2094 sunt*

132 2121 136 2128 '
166 2124 244 2189 quas
271 2106 363 2183 uolgo
391 2109 620 2168 constitutiones
647 2105 848 2189 appellamus.
935 2104 1076 2167 3Plene

118 2197 213 2264 20ex,
235 2192 283 2263 his
312 2191 463 2271 quaedam
489 2201 560 2254 sunt
586 2194 778 2273 personales,
810 2209 870 2253 neo
900 2189 940 2252 ad
973 2207 1075 2252 exem·

166 2279 252 2359 plum
271 2277 462 2338 trahunture
478 2299 549 2338 nem
571 2299 651 2360 quae
672 2274 816 2360 princeps
839 2277 933 2338 alicui
955 2276 993 2337 ob
1013 2292 1075 2335 me-

165 2366 225 2425 rite
248 2359 376 2423 indulsit
404 2364 456 2424 uel
479 2365 506 2424 si
534 2383 626 2444 quam
651 2385 783 2444 poenam
805 2363 954 2441 iurogauit
976 2358 1029 2421 uel
1042 2362 1077 2421 si

167 2449 218 2588 dni
244 2449 311 2508 sine
337 2447 478 2526 exemplo
505 2448 661 2523 subuenit,
697 2466 860 2527 personam
892 2467 956 2524 pon
990 2463 1076 2522 egre*

190 2530 259 2589 itu'r.

218 2755 269 2798 vm
282 2755 300 2797 Ε
314 2756 402 2797 eene
415 2755 514 2799 vineoe.
601 2792 609 2800 .
1054 2743 1063 2774 r

176 2862 181 2871 Ι
218 2807 250 2850 IX
272 2807 364 2880 11361).
384 2807 411 2849 de
429 2805 515 2848 lustitia
533 2811 554 2851 et
568 2808 615 2851 iure
630 2809 663 2850 Il
683 2807 806 2864 ‘leianus
827 2809 884 2852 libro
900 2811 970 2863 primo
985 2809 1077 2852 Institu-

165 2867 251 2954 ωηιξη
263 2888 318 2953 l'.'1
339 2909 364 2950 D.
392 2908 419 2950 de
438 2910 633 2952 constitutionibus
657 2895 783 2965 prIncipum
809 2911 847 2952 14
875 2909 997 2966 ‘leianus
1017 2875 1086 2953 litatov

166 2965 237 3017 primo
251 2961 465 3004 Institutionum...‘

237 3172 254 3220 2
271 3176 457 3238 comparatum
473 3167 640 3219 Bndlicltcrus
726 3168 804 3219 cuius
821 3166 932 3218 initium
952 3170 994 3217 est
1012 3166 1075 3217 Blu-

166 3241 228 3289 ma'uc
307 3239 459 3293 enaturali
475 3239 534 3288 inre
553 3239 626 3303 culp„
703 3239 798 3302 tneq:
817 3237 894 3290 Hal„
963 3236 996 3287 15
1014 3251 1078 3287 con-

167 3305 311 3373 tnIItaulp.
386 3311 421 3363 16
438 3307 582 3376 epistolam
591 3307 654 3358 Hal.
725 3307 758 3358 18
767 3307 820 3358 hae
829 3309 897 3373 uolo.
970 3305 1002 3359 19
1014 3321 1090 3357 con--

167 3377 326 3428 stitntIones
343 3378 427 3446 uulgo
445 3379 507 3431 Hal.
583 3373 617 3427 20
635 3389 704 3441 quse
722 3391 773 3428 nec
793 3377 856 3426 Hal.
941 3375 973 3443 21
995 3371 1077 3442 quae]

168 3446 241 3514 qnod
262 3446 327 3499 Hal.
414 3445 502 3507 ahoiu
519 3447 589 3499 Iler.
