2534 3988
214 241 253 305 84
337 215 343 230 ’
422 255 565 304 vn1>1nu1
586 254 676 302 mer.
696 253 804 300 num
824 253 952 315 1-3(

215 419 318 478 auium
339 431 461 494 quoque
484 429 654 500 eommune‘
667 419 727 470 est:
752 410 825 469 bine
847 408 1009 470 deseendit
1030 409 1123 468 maris

216 511 308 580 atque
329 498 462 558 feminae
485 496 670 568 coniunctio,
700 514 792 574 quam
812 515 869 556 nos
899 494 1124 576 matrimonium

215 585 416 664 appellamus,
434 581 506 640 hine
528 579 693 640 liberorum
713 581 895 658 procreatio,
917 579 991 638 hine
1009 577 1123 638 eduea-

213 672 272 731 tio:
294 666 433 727 uidemus
455 665 567 724 etenim
589 674 691 725 cetera
715 683 837 745 quoque
862 664 1017 738 animalia,
1039 663 1122 722 feras

215 755 316 826 etiam,
334 752 420 812 istius
438 750 513 810 iuris
531 749 644 828 peritia
663 751 792 809 censeri.
878 749 898 807 4
917 749 970 808 Ius
985 748 1150 826 gentiumb

215 847 275 913 est,
295 857 355 917 quo
375 844 482 914 gentes
503 834 656 893 humanae
674 843 815 896 utuntur:
844 832 927 914 quod
949 851 968 890 a
989 831 1125 892 naturali

214 909 359 983 recedere
388 919 482 979 facile
504 917 684 996 intellegere
706 919 795 994 lieet,
827 920 900 998 quia
927 915 1006 975 illud
1029 916 1124 976 omni-

215 1007 272 1068 bus
292 1004 490 1079 animalibus,
519 1003 578 1064 boe
599 1003 673 1063 solis
694 1003 866 1067 bominibus
888 1003 967 1062 inter
987 1020 1023 1062 se
1045 1021 1124 1061 eom-

215 1111 305 1152 mune
326 1091 375 1152 sit.

657 1186 687 1238 11
1014 1224 1017 1229 -
1135 1195 1169 1248 10

299 1285 395 1350 Manu
424 1290 581 1349 missiones
609 1307 730 1368 quoque
760 1289 836 1349 iuris
871 1290 1008 1366 gentium
1044 1297 1125 1348 sunt.

215 1384 261 1436 est
282 1384 383 1434 autem
405 1394 497 1434 manu
519 1375 621 1434 missio
645 1372 684 1433 (le
704 1393 796 1434 manu
812 1374 925 1447 missi03
949 1373 1049 1433 idest
1070 1373 1124 1434 de-

213 1461 258 1520 tio
279 1459 448 1520 libertatis:
473 1479 545 1518 nam
567 1461 658 1538 quam
680 1457 732 1517 diu
755 1459 823 1538 quis
844 1459 875 1518 in
898 1460 1045 1519 seruitute
1068 1467 1124 1532 est,

211 1545 318 1604 manui
339 1552 371 1604 et
390 1544 536 1623 potestati
557 1545 731 1623 suppositus
756 1550 818 1603 est:
846 1561 938 1602 manu
956 1545 1064 1604 missus
1086 1545 1123 1602 li·

212 1627 337 1688 beratur
357 1637 518 1707 potestate.
562 1648 643 1708 quea
667 1647 716 1687 res
743 1647 762 1686 a
786 1629 852 1689 iure
873 1627 1010 1704 gentium
1032 1629 1164 1708 origi-15

211 1733 283 1773 nem
302 1713 438 1790 sumpsit,
460 1721 567 1792 utpote
589 1731 656 1771 oum
677 1714 743 1771 iure
760 1711 893 1772 naturali
915 1733 1018 1774 omnes
1033 1712 1123 1774 liberi

212 1806 421 1871 nascerentur,
443 1817 502 1857 neo
524 1807 606 1857 esset
626 1805 699 1856 nota
719 1815 811 1856 manu
833 1797 951 1871 missio,
973 1815 1041 1858 oum
1060 1817 1122 1859 ser·

213 1881 294 1942 uitus
317 1892 399 1942 esset
418 1882 590 1960 incognita,
620 1880 676 1942 sed
700 1890 808 1960 postea
837 1902 929 1961 quam
958 1883 1024 1943 iure
1048 1903 1121 1961 gen-

212 1967 288 2026 tium
300 1969 437 2050 seruitus
450 1967 577 2042 inuasit,
600 1975 738 2028 secutum
762 1976 809 2031 est
828 1967 1012 2027 beneficium
1031 1987 1122 2028 manu
1243 2031 1244 2056 p

212 2051 377 2124 missionis:
414 2061 445 2112 et
478 2071 546 2112 oum
574 2071 636 2112 uno
668 2051 802 2111 naturali
832 2051 955 2112 nomine
984 2051 1161 2114 hominesto
1242 2091 1243 2114 t

214 2136 452 2214 appellarem,
479 2138 543 2196 iure
570 2136 707 2214 gentium
734 2138 794 2200 tria
821 2152 936 2214 genera
950 2155 1028 2197 esse
1052 2157 1119 2198 eoe-

212 2229 337 2298 perunt:
355 2218 447 2279 liberi
463 2229 496 2279 et
512 2220 560 2279 bis
579 2221 760 2279 sonnatium
780 2223 862 2280 serui
883 2229 913 2280 et
930 2222 1053 2280 tertium
1065 2237 1120 2300 'ge-

211 2321 269 2364 nus
289 2303 401 2378 liberti,
424 2301 457 2362 id
479 2312 525 2363 est
544 2303 586 2376 hi,
606 2305 659 2382 qui
678 2303 833 2364 desierant
856 2323 924 2366 esse
945 2307 1036 2366 serui.
1101 2319 1107 2331 ¹

646 2453 691 2505 m
776 2466 780 2474 .

298 2587 315 2618 a
330 2588 349 2619 e
367 2587 384 2618 a
402 2555 592 2618 arbitrariam
616 2557 810 2637 explicantur
831 2569 883 2621 eut
901 2581 957 2642 per
981 2565 1156 2644 sponsio-25

209 2700 389 2792 sionllmlffin'
409 2705 437 2747 ὼ
454 2705 540 2748 imili‘
555 2711 577 2747 θ*
595 2706 671 2748 lml
690 2706 700 2750 ¹
721 2705 843 2761 ‘leienue
862 2709 919 2752 libro
938 2711 1009 2763 primo
1029 2711 1116 2754 {nstitu-

264 2801 293 2842 111
307 2801 324 2841 E
339 2802 427 2842 laciniis
443 2803 660 2852 vindobonensibus.
676 2806 739 2848 Hune
753 2806 790 2848 his
803 2808 934 2863 fragmentis
945 2793 1016 2852 locum
1029 2809 1116 2852 Momm·

210 2863 278 2914 senus
292 2851 423 2896 uindieeub.
451 2853 511 2896 Idem
524 2857 633 2918 rationem
646 2869 689 2910 que
703 2857 774 2918 ethle
788 2859 905 2903 interdieta
917 2866 995 2915 teuget
1009 2861 1115 2924 leienus

209 2909 232 2947 et
246 2902 307 2946 mire
318 2902 348 2947 tr.
362 2902 403 2943 Vll
416 2905 491 2946 redeat
503 2907 532 2947 ed
544 2908 663 2949 rnterdrote
676 2909 791 2963 exphcurt.
1035 2925 1039 2934 ’

280 3027 298 3078 2
316 3025 474 3093 coniugatio
492 3029 560 3094 aatp.
634 3031 652 3080 4
675 3030 748 3081 feres
766 3031 848 3084 etiam
864 3031 967 3084 bestias
982 3038 1049 3102 aulo.

211 3096 228 3146 5
250 3095 367 3162 peritia]
393 3097 496 3147 ‘Aliaer
518 3098 633 3164 perite.’
655 3100 824 3165 Gottofredue
841 3106 867 3152 ia
884 3110 935 3152 not.
1020 3105 1112 3157 'liade

209 3163 275 3217 lieet
284 3165 366 3217 facile
377 3165 528 3231 intelligere
536 3167 600 3218 Hal.
667 3168 738 3221 ssest
749 3170 812 3220 Hal.
879 3171 911 3221 12
923 3171 1017 3226 missio
1035 3174 1113 3226 idest

210 3237 292 3286 eruat
306 3237 370 3286 Hal.
443 3235 475 3287 1³
492 3235 628 3288 libertatis
644 3241 726 3293 oasim
743 3239 807 3289 Hal.
878 3241 912 3292 14
930 3247 958 3293 et
973 3245 1112 3295 manumis-

210 3318 258 3356 sus
269 3304 335 3358 Hal.
404 3305 436 3356 21
448 3305 648 3370 appellarentur
660 3307 722 3358 Hal.
791 3307 929 3361 hominum
942 3314 1112 3378 gena-ellat

281 3377 315 3426 22
332 3371 393 3440 hie]
410 3374 444 3424 iis
462 3374 524 3427 Hal.
595 3374 629 3429 23
647 3376 767 3427 libertini
780 3376 841 3428 Hal.
911 3381 940 3433 id
959 3387 1001 3433 est
1015 3383 1043 3433 hi
1059 3387 1112 3435 ona
1219 3435 1220 3442 ,

209 3442 316 3494 osellae
387 3446 421 3497 25
436 3445 617 3501 Restitutorie
633 3450 717 3512 atque
727 3445 889 3502 exhibitoria
905 3451 1052 3504 interdieta
1066 3458 1110 3505 aut
