2506 3980
208 181 228 243 8
496 155 639 240 verrini
659 188 673 240 1
693 189 815 246 ie-ti

218 379 221 386 ·
298 348 335 412 18
359 350 556 412 Communem
577 367 698 408 seruum
716 367 795 411 unus
815 368 854 408 ex
870 346 999 406 dominis
1020 364 1113 406 manu

201 435 357 502 „mittendo
370 443 489 516 partem
503 453 587 494 suam
603 433 723 506 amittit,
740 452 838 512 eaque
853 431 1005 492 adcrescit
1020 431 1112 505 socio,

209 522 342 584 maxime
356 521 383 580 si
400 539 436 582 eo
452 517 541 578 modo
555 537 646 576 manu
660 518 790 591 miserit,
813 536 890 598 quo,
912 517 939 576 si
956 515 1112 595 proprium

209 606 353 680 haberet,
383 605 480 663 eiuem
500 603 670 662 Romanum
699 603 836 662 faoturus
858 609 947 662 esset.
991 619 1063 678 nam
1086 599 1113 659 si

210 692 290 750 inter
315 690 427 750 amicos
454 705 523 746 eum
548 706 639 746 manu
667 688 800 760 miserit,
825 686 982 766 plerisque
1008 683 1140 763 placati

212 795 280 834 eum
295 774 372 834 nihil
388 774 498 850 egisse.
587 768 624 846 19
648 770 780 846 Seruus,
802 772 835 832 in
852 791 912 850 quo
926 770 1052 828 alterius
1067 777 1115 832 est

112 921 116 932 ,
208 860 421 932 ususfructus,
443 856 570 915 alterius
583 857 768 933 proprietas,
791 855 830 914 ab
844 855 1038 934 proprietatis
1060 851 1113 933 do·

208 947 289 1005 mino
309 963 400 1004 manu
427 942 538 1002 missus
558 939 637 998 liber
663 961 723 1000 non
751 941 803 1015 fit,
832 939 887 1001 sed
915 959 1021 1000 seruus
1047 938 1114 998 sine

211 1028 336 1170 domnii)
352 1035 433 1170 eIdist
447 1117 572 1171 mortem
588 1107 711 1167 heredis
728 1117 781 1167 aut
800 1117 871 1168 ante
890 1107 1113 1168 institutionem
1123 1120 1163 1172 10

208 1194 331 1257 heredis
346 1203 529 1256 testamento
536 1190 669 1268 ‚libertas
684 1191 751 1252 dari
768 1213 831 1255 non
844 1201 959 1272 potest,
980 1199 1114 1269 excepto

208 1289 392 1342 testamento
421 1278 538 1339 militis.
635 1273 674 1334 21
705 1277 792 1336 Inter
823 1276 940 1338 medias
966 1274 1114 1336 haredum

177 1405 183 1416 ⁴
211 1365 418 1426 institutiones
444 1361 571 1422 libertas
598 1359 671 1420 data
690 1363 828 1441 utrisque
850 1357 1041 1422 adeuntibus
1051 1379 1115 1420 non

208 1450 310 1522 ualet,
330 1449 395 1508 solo
413 1455 513 1508 autem
528 1445 628 1525 priore
648 1444 782 1508 adeunte
798 1447 863 1508 iure
879 1446 1004 1526 antiqno
1018 1445 1113 1506 ualet.

209 1532 264 1594 sed
292 1542 363 1611 post
386 1534 486 1610 legem
514 1531 643 1609 Papiam
670 1529 865 1610 Poppaeam,
892 1549 973 1610 quae
993 1538 1162 1609 partemla

208 1638 272 1678 non
290 1616 431 1677 adeuntis
448 1614 595 1676 caducam
613 1613 704 1690 facit,
727 1614 879 1694 siqnidem
891 1616 1005 1693 primns
1022 1615 1112 1675 heres

209 1702 261 1761 uel
288 1702 336 1760 ius
362 1702 459 1779 patris
489 1698 541 1758 uel
575 1698 622 1756 ius
657 1701 815 1779 antiquum
842 1699 971 1774 habeat,
1007 1697 1113 1760 ualere

154 1835 155 1838 ,
177 1777 179 1785 ⁴
211 1805 279 1844 eam
298 1804 389 1864 posse
403 1785 536 1864 placuit:
559 1780 641 1863 quod
659 1785 687 1842 si
702 1804 762 1844 non
779 1783 908 1859 habeat,
930 1804 992 1844 non
1006 1783 1113 1844 ualere

210 1878 344 1943 constat,
377 1867 459 1949 qnod
485 1869 552 1930 loco
579 1887 639 1927 uon
669 1867 810 1928 adeuntis
839 1869 982 1946 legatarii
1007 1877 1113 1949 patres

206 2017 282 2058 buisse
299 2014 394 2057 resecari
409 2012 521 2066 adfirmat,
542 2009 616 2055 nascio
634 2027 662 2056 an
676 2028 703 2057 ec
716 2028 766 2056 casu
787 2021 877 2070 propter
891 2015 1045 2068 compendium
1063 2022 1115 2056 nta

209 2079 265 2121 pone
280 2068 403 2120 possunt
415 2065 576 2106 interciderint.
706 2066 708 2072 ’

258 2121 273 2167 8
288 2118 313 2159 ts
326 2127 404 2156 seruus
418 2115 467 2156 sine
481 2115 570 2156 domino
585 2117 627 2170 est]
640 2117 722 2158 Taedio
730 2117 863 2160 tractatoris
877 2117 943 2158 hacc:
958 2117 1046 2158 donec
1060 2130 1114 2158 ma-

206 2174 253 2210 net
267 2177 334 2207 usus
348 2165 470 2205 tructus:
492 2175 546 2217 quo
559 2165 649 2207 finito
668 2167 786 2208 Latinus
803 2166 937 2208 efficitur
955 2167 998 2217 (Cf.
1015 2167 1114 2210 Gischa-

206 2231 249 2260 nus
263 2215 370 2258 Zeitsehr.
388 2215 405 2256 s.
421 2214 496 2269 gesoh.
512 2215 537 2256 R'.
552 2215 590 2258 W.
604 2216 634 2256 111
648 2217 695 2268 toi)
715 2217 836 2259 desiderari
855 2217 1003 2259 Mommsenus
1022 2219 1112 2260 iudicat.

258 2266 416 2320 sao-111²]
435 2266 457 2318 o)
470 2263 501 2306 De
518 2278 584 2307 manu
602 2267 707 2308 missione
725 2269 890 2309 testamentaria
904 2268 1012 2322 leianus
1030 2271 1115 2330 absque
1144 2283 1147 2290 ’

208 2319 248 2362 Gai
261 2316 509 2408 5⁰⁸²i1t'it2i0niffi·⁰3tit¹
524 2316 568 2357 nisi
583 2318 641 2370 quod
656 2318 683 2359 de
696 2318 747 2372 lage
757 2319 822 2360 Furia
833 2319 925 2361 Caninia
938 2321 971 2370 (m
982 2321 1032 2373 ,25)
1047 2319 1116 2363 Gaius

222 2383 251 2412 uo
267 2381 296 2410 ue
362 2387 388 2400 ¹¹¹
447 2377 475 2408 del
487 2395 507 2410 u}
955 2385 958 2392 '

207 2385 222 2425 q
253 2383 273 2469 (ii
288 2419 312 2459 21
326 2418 362 2459 nel
377 2418 411 2458 ios
426 2418 506 2473 patris]
519 2417 577 2460 Haec
590 2417 739 2460 Mommsenos
758 2425 820 2474 potet
839 2427 988 2474 excerptorem
1007 2434 1046 2464 suo
1061 2434 1114 2464 con-

205 2473 258 2514 silio
272 2470 385 2512 omisisse:
401 2469 423 2509 in
439 2480 482 2521 quo
496 2470 571 2510 malim
584 2469 691 2511 incuriam
705 2470 790 2512 librarii
805 2483 934 2525 agnoscere.

276 2572 421 2623 2admittit
435 2573 496 2628 Vat.
568 2574 583 2622 7
596 2574 631 2624 ab
647 2575 749 2638 scripsi.
767 2574 802 2624 ad
818 2577 879 2629 Vct.
893 2591 910 2626 a
922 2578 980 2628 edd.
1052 2577 1069 2628 8
1082 2577 1112 2627 li.

205 2641 253 2693 ber
267 2644 329 2693 Vct.
410 2641 442 2692 13
459 2643 641 2693 iustitutionis
659 2645 722 2694 Vct.
797 2639 917 2710 utriusq:
939 2647 1000 2696 Vct.
1078 2648 1113 2698 15

205 2711 362 2776 Poppaeam
377 2709 544 2775 Sekoltinpiue
560 2712 657 2776 atique.
678 2709 803 2778 pdpeiam
821 2731 853 2764 m.
869 2730 913 2777 pr.
937 2716 998 2766 Vat.
1017 2713 1044 2780 (”
1062 2717 1112 2766 cti
1219 2731 1220 2742 ¹

206 2795 275 2830 eras.
297 2797 327 2830 m.
347 2779 411 2844 alt.)
435 2795 550 2845 popeam
567 2782 609 2830 ed.
623 2784 707 2846 princ.
732 2783 777 2844 Ost
789 2781 959 2834 Schneideme
975 2785 1112 2849 (Aninach-

204 2864 303 2914 mnprr.
322 2864 349 2911 p.
371 2850 435 2910 198)
506 2848 540 2899 io
558 2848 689 2902 adeuntes
713 2851 774 2902 Vat.
848 2853 880 2903 17
898 2852 943 2903 uei
965 2855 1008 2905 ins
1024 2855 1113 2918 patris

204 2919 385 2978 Mamaeam,
408 2919 471 2968 idem
491 2925 550 2980 post
575 2919 757 2988 Laetrncaaum
779 2920 824 2970 uel
846 2921 947 2972 liberos
977 2925 1131 2974 coniciens»

133 3003 137 3008 ·
204 2989 283 3041 midaii
304 2988 364 3038 Vct.
392 2988 434 3037 ed.
452 2989 537 3050 princ.
562 2985 662 3038 liberos
686 2987 861 3054 Scialtiupiuc.
886 2991 931 3042 nel
952 2992 995 3043 ius
1013 2992 1113 3044 caduci
1216 3029 1217 3033 ,

203 3058 351 3120 Rudorsfius
366 3055 418 3120 (Of.
426 3055 550 3108 Zeitscir.
563 3058 585 3120 s.
597 3057 681 3122 patet.
696 3056 728 3106 a.
743 3059 786 3109 W.
802 3054 927 3125 111414).
946 3062 989 3112 ius
1007 3062 1114 3114 caduca
1215 3093 1216 3129 ἢ

204 3125 362 3176 uindicandi
385 3126 426 3175 uei
447 3125 489 3175 ins
512 3128 620 3190 patrum
641 3123 809 3192 oddilinam.
832 3128 877 3178 uel
898 3131 942 3180 ius
965 3130 1112 3182 liberorum

205 3193 380 3245 decimamus
457 3193 491 3246 18
512 3194 604 3246 ualere
627 3194 667 3261 (ra
682 3197 709 3246 ia
726 3194 777 3261 Iit.)
799 3199 861 3251 Vat.
934 3198 966 3248 19
978 3200 1113 3252 adeuntes

208 3265 268 3313 Vat.
338 3263 466 3329 legatarii
481 3267 572 3328 patres
588 3266 649 3316 Vat-
669 3265 807 3316 Guiaec’ana
824 3266 841 3315 ὁ
858 3265 911 3332 (Os.
932 3268 1110 3335 oaclltoe).
1213 3269 1214 3323 i

167 3380 169 3389 χ
203 3331 330 3397 legatarii
346 3331 432 3398 partis
447 3333 488 3382 ed.
504 3336 602 3396 princ„
621 3334 670 3386 aed
680 3337 705 3384 in
720 3335 779 3386 cod.
798 3335 859 3386 Titii
871 3340 964 3402 patres
973 3340 1055 3403 sumac
1069 3347 1114 3390 at-

202 3409 312 3452 testator
329 3401 444 3453 Coimus
461 3409 511 3452 rtet.
526 3412 595 3466 post.
