2506 3980
522 181 716 230 PRABFK'HO·
1021 181 1071 230 XV

160 355 210 396 ne
239 337 442 411 continerem:
458 347 461 353 '
477 355 567 417 qaam
596 336 719 416 quidem
744 357 828 399 nuno
849 337 917 401 tero
943 338 1069 416 penitus

161 437 324 498 exhemire
347 437 448 514 licuit,
479 459 548 500 oum
569 453 682 501 nouum
706 438 953 519 Hugonienoque
974 438 1067 517 longe
1116 441 1119 448 “
1149 486 1152 491 -

162 542 305 601 exactius
337 542 402 602 eius
436 540 551 602 oodieis
582 539 756 618 exemplum
787 539 952 619 Bdeking'i
983 558 1068 614 aere,

161 659 258 719 opere
279 650 381 702 eutem
401 650 433 701 et
453 640 516 702 fide
536 641 666 704 Henrioi
687 639 817 700 Brunnii
838 641 900 705 saei
919 649 1066 720 'peretum

91 791 93 797 s
160 744 210 802 sit.
255 739 319 802 Sed
339 762 407 804 enm
425 742 478 802 uel
497 741 590 804 hodie
611 743 679 802 fore
698 740 915 821 praeuidearu‚
940 743 1066 824 quiunt

158 841 250 904 fidem
268 842 403 904 hebeant
426 843 472 904 illi
492 843 610 908 Tilioni
630 844 835 924 Vetioanique
856 842 996 912 codicum
1019 843 1065 906 di·

157 945 297 1006 uersiteti
325 953 378 1004 ant
408 945 518 1006 saltere
544 947 679 1009 rationes
714 961 898 1024 cognoscere
931 944 1067 1024 cupient,

157 1045 268 1126 quibus
289 1046 369 1107 haee
382 1073 383 1078 ¹
396 1047 492 1108 omnis
519 1046 701 1131 diseeptotio
729 1049 860 1121 nitatur,
889 1043 1065 1108 feoisndunr

155 1148 280 1227 putaui,
298 1155 333 1208 ut
353 1147 499 1208 Vatieeni
520 1149 679 1228 seripturis
699 1148 846 1230 principis
868 1147 1012 1210 editionis
1033 1157 1066 1208 et

155 1250 284 1310 alterius
306 1247 495 1310 Oniaoianae
517 1248 667 1312 leotiones
690 1249 865 1330 disertoque
889 1248 1008 1310 Guiooii
1026 1269 1065 1310 ae

150 1349 285 1416 ¹llerillii
312 1347 350 1408 de
376 1348 452 1410 Tilii
477 1348 556 1410 libro
584 1343 759 1410 testirdonis‘
785 1367 983 1428 opponerem.
1025 1351 1066 1410 In
1169 1367 1172 1375 '

155 1467 220 1529 qua
242 1467 276 1508 re
297 1448 413 1526 pariter
433 1468 501 1508 oum
521 1447 584 1511 fide
608 1449 755 1510 breuitati
780 1449 824 1527 ita
851 1450 1005 1524 consului,
1031 1459 1068 1510 ut

128 1615 132 1626 ,
157 1550 277 1632 quoties
298 1548 444 1612 Vaticani
466 1551 615 1614 mendum
632 1569 656 1610 a
677 1549 768 1612 Tilio.
783 1534 952 1612 eorreotnm
973 1559 1067 1622 esset,

153 1652 244 1712 unius
256 1651 401 1712 Vaticani
413 1653 623 1720 ,testimonium
637 1650 859 1726 adscriberem,
876 1633 934 1712 nee
949 1650 1066 1722 diserte

155 1752 194 1814 de
217 1751 387 1812 Ouieeiane
408 1755 509 1816 ultera
529 1763 677 1827 testarer,
704 1752 765 1813 nisi
790 1773 809 1815 e
833 1751 973 1830 principe
1000 1749 1066 1813 edi·

155 1855 240 1914 tione
257 1851 442 1914 dissentiret.
472 1855 583 1934 Neqrie
603 1853 674 1918 ideo
689 1855 817 1918 multum
838 1853 870 1913 in
889 1851 948 1910 hae
969 1869 1068 1930 opera

156 1952 326 2032 deliquisse
364 1951 490 2027 uideor,
532 1952 615 2033 quod
651 1952 841 2032 complures
861 1950 1064 2012 bibliotheees

154 2051 282 2114 adeunti
310 2053 397 2114 'mihi
430 2073 493 2116 non
526 2054 669 2131 eontigit,
707 2062 741 2117 ut
774 2052 851 2113 Tilii
890 2051 1065 2130 exemplum

155 2154 361 2215 nanciscerer.
410 2153 541 2216 Lieebat
575 2156 656 2217 enim
688 2156 720 2215 in
750 2155 908 2235 plerisque
938 2151 1066 2214 eauinfi

153 2252 245 2316 fldem
263 2254 365 2334 seqni3
384 2256 439 2336 qni
460 2255 570 2330 ineis,
594 2276 672 2337 ques
687 2276 779 2336 snpra
793 2254 934 2346 laudaui,
957 2253 1061 2334 dispu-

154 2355 322 2418 tationibus
348 2354 448 2435 (Hali.
470 2356 556 2436 Allg.
577 2359 639 2420 Lit.
662 2358 741 2418 Zeit.
770 2366 839 2420 1812
862 2379 902 2418 nr
916 2367 977 2422 115·
1000 2363 1064 2420 ne

155 2455 249 2534 Hngo
264 2457 332 2518 Ciu.
347 2458 430 2536 Mag.
448 2458 496 2518 IV
513 2466 564 2522 stt
580 2458 664 2540 sqq.)
685 2460 779 2538 poulo
800 2459 958 2536 grauiores
977 2457 1064 2516 looos

155 2577 261 2620 omnes
282 2579 298 2618 e
315 2579 369 2619 suo
384 2558 531 2620 Tilienee
546 2558 690 2620 editionis
705 2558 848 2638 exemplo
867 2556 1063 2638 perscripsit:

153 2659 217 2718 elia
240 2678 258 2718 e
278 2658 444 2736 Bookingii
467 2656 602 2722 editione
619 2660 709 2739 petii,
731 2668 785 2720 aut
804 2659 872 2740 ipse
894 2653 912 2720 e
931 2659 1061 2741 posteri·

153 2760 255 2822 oribus
276 2760 460 2836 editionibus
483 2761 674 2838 oonieetnra,
703 2762 780 2844 quid
805 2762 988 2822 innititur
1009 2780 1063 2822 ex-

151 2871 246 2937 teret,
266 2871 426 2924 assecutus
445 2881 519 2922 sunu
562 2862 764 2945 Reliquorum
780 2870 882 2924 autem
897 2860 1064 2925 editionum
1173 2926 1178 2938 ¹

151 2967 311 3042 uarietati‚
334 2984 396 3046 quo
418 2962 472 3022 alii
493 2962 641 3024 inutiliter
664 2962 895 3026 commentarios
915 2981 986 3020 euos
1010 2981 1063 3020 ou·
1145 2973 1150 2982 ·

153 3066 320 3141 meismet,
336 3085 392 3144 ego
408 3063 525 3141 nullum
540 3064 572 3122 in
583 3063 781 3126 adnotatione
797 3065 897 3125 looum
912 3063 1060 3122 concessi.

152 3166 264 3244 Neque
286 3187 406 3227 omnem
429 3168 672 3226 coniecturarum
691 3167 878 3246 farraginem
904 3181 1062 3241 exponere

153 3266 253 3338 nolui,
277 3267 332 3326 sed
354 3267 521 3328 subsistens
543 3268 575 3327 in
601 3269 659 3342 eis,
687 3288 764 3348 quas
783 3263 879 3346 probe
902 3264 1058 3342 excogita

149 3380 199 3430 tas
221 3365 403 3447 iudiearem,
431 3390 467 3430 eo
491 3369 669 3444 studiosius,
699 3377 732 3428 ut
754 3366 794 3427 ad
816 3385 903 3427 suum
925 3363 1064 3446 quidque
